2025-02-20 01:24:22.105321,XAUUSD,SELL,price:2919.186,sl:2920.186,tp:2917.186,lot_size:0.05
2025-02-20 01:24:27.462427,XAUUSD,SELL,price:2919.303,sl:2920.303,tp:2917.303,lot_size:0.05
2025-02-20 01:24:38.041751,XAUUSD,SELL,price:2919.499,sl:2920.499,tp:2917.499,lot_size:0.05
2025-02-20 01:24:43.427730,XAUUSD,SELL,price:2919.368,sl:2920.368,tp:2917.368,lot_size:0.05
2025-02-20 01:41:04.321851,XAUUSD,BUY,price:2922.518,sl:2921.518,tp:2924.518,lot_size:0.05
2025-02-20 01:41:09.668092,XAUUSD,BUY,price:2922.567,sl:2921.567,tp:2924.567,lot_size:0.05
2025-02-20 01:41:15.178257,XAUUSD,BUY,price:2922.54,sl:2921.54,tp:2924.54,lot_size:0.05
2025-02-20 01:41:20.678484,XAUUSD,BUY,price:2922.501,sl:2921.501,tp:2924.501,lot_size:0.05
2025-02-20 01:41:26.067964,XAUUSD,BUY,price:2922.542,sl:2921.542,tp:2924.542,lot_size:0.05
2025-02-20 01:41:31.524223,XAUUSD,BUY,price:2922.659,sl:2921.659,tp:2924.659,lot_size:0.05
2025-02-20 01:41:37.936651,XAUUSD,BUY,price:2923.064,sl:2922.064,tp:2925.064,lot_size:0.05
2025-02-20 01:41:43.354682,XAUUSD,BUY,price:2922.907,sl:2921.907,tp:2924.907,lot_size:0.05
2025-02-20 01:41:48.764041,XAUUSD,BUY,price:2923.45,sl:2922.45,tp:2925.45,lot_size:0.05
2025-02-20 01:41:54.750806,XAUUSD,BUY,price:2923.668,sl:2922.668,tp:2925.668,lot_size:0.05
2025-02-20 01:42:00.511712,XAUUSD,BUY,price:2923.682,sl:2922.682,tp:2925.682,lot_size:0.05
2025-02-20 01:42:07.696600,XAUUSD,BUY,price:2924.48,sl:2923.48,tp:2926.48,lot_size:0.05
2025-02-20 01:42:13.210752,XAUUSD,BUY,price:2924.215,sl:2923.215,tp:2926.215,lot_size:0.05
2025-02-20 01:42:18.602872,XAUUSD,BUY,price:2924.231,sl:2923.231,tp:2926.231,lot_size:0.05
2025-02-20 01:42:23.986538,XAUUSD,BUY,price:2924.23,sl:2923.23,tp:2926.23,lot_size:0.05
2025-02-20 01:42:29.370260,XAUUSD,BUY,price:2924.061,sl:2923.061,tp:2926.061,lot_size:0.05
2025-02-20 01:42:34.857762,XAUUSD,BUY,price:2923.966,sl:2922.966,tp:2925.966,lot_size:0.05
2025-02-20 01:42:40.284434,XAUUSD,BUY,price:2924.119,sl:2923.119,tp:2926.119,lot_size:0.05
2025-02-20 01:42:45.744993,XAUUSD,BUY,price:2924.109,sl:2923.109,tp:2926.109,lot_size:0.05
2025-02-20 01:42:51.146767,XAUUSD,BUY,price:2923.916,sl:2922.916,tp:2925.916,lot_size:0.05
2025-02-20 01:42:56.599482,XAUUSD,BUY,price:2923.998,sl:2922.998,tp:2925.998,lot_size:0.05
2025-02-20 01:43:02.124963,XAUUSD,BUY,price:2923.964,sl:2922.964,tp:2925.964,lot_size:0.05
2025-02-20 01:43:07.501604,XAUUSD,BUY,price:2924.062,sl:2923.062,tp:2926.062,lot_size:0.05
2025-02-20 01:43:12.883577,XAUUSD,BUY,price:2924.109,sl:2923.109,tp:2926.109,lot_size:0.05
2025-02-20 01:43:18.321730,XAUUSD,BUY,price:2924.045,sl:2923.045,tp:2926.045,lot_size:0.05
2025-02-20 01:43:23.703299,XAUUSD,BUY,price:2924.116,sl:2923.116,tp:2926.116,lot_size:0.05
2025-02-20 01:43:29.077836,XAUUSD,BUY,price:2924.007,sl:2923.007,tp:2926.007,lot_size:0.05
2025-02-20 01:43:34.600912,XAUUSD,BUY,price:2924.091,sl:2923.091,tp:2926.091,lot_size:0.05
2025-02-20 01:43:39.987381,XAUUSD,BUY,price:2924.156,sl:2923.156,tp:2926.156,lot_size:0.05
2025-02-20 01:43:45.347990,XAUUSD,BUY,price:2924.216,sl:2923.216,tp:2926.216,lot_size:0.05
2025-02-20 01:43:50.859071,XAUUSD,BUY,price:2924.326,sl:2923.326,tp:2926.326,lot_size:0.05
2025-02-20 01:43:57.731566,XAUUSD,BUY,price:2924.372,sl:2923.372,tp:2926.372,lot_size:0.05
2025-02-20 01:45:06.292892,XAUUSD,BUY,price:2924.972,sl:2923.972,tp:2926.972,lot_size:0.05
2025-02-20 01:45:11.659333,XAUUSD,BUY,price:2925.28,sl:2924.28,tp:2927.28,lot_size:0.05
2025-02-20 01:45:27.620238,XAUUSD,BUY,price:2925.017,sl:2924.017,tp:2927.017,lot_size:0.05
2025-02-20 01:45:33.063092,XAUUSD,BUY,price:2925.05,sl:2924.05,tp:2927.05,lot_size:0.05
2025-02-20 01:47:02.698411,XAUUSD,BUY,price:2925.805,sl:2924.805,tp:2927.805,lot_size:0.05
2025-02-20 01:47:08.150947,XAUUSD,BUY,price:2925.796,sl:2924.796,tp:2927.796,lot_size:0.05
2025-02-20 01:47:13.588976,XAUUSD,BUY,price:2925.867,sl:2924.867,tp:2927.867,lot_size:0.05
2025-02-20 01:47:18.960526,XAUUSD,BUY,price:2925.898,sl:2924.898,tp:2927.898,lot_size:0.05
2025-02-20 01:47:24.412225,XAUUSD,BUY,price:2926.068,sl:2925.068,tp:2928.068,lot_size:0.05
2025-02-20 01:47:29.771116,XAUUSD,BUY,price:2926.07,sl:2925.07,tp:2928.07,lot_size:0.05
2025-02-20 01:47:35.448430,XAUUSD,BUY,price:2926.089,sl:2925.089,tp:2928.089,lot_size:0.05
2025-02-20 01:47:41.023573,XAUUSD,BUY,price:2926.372,sl:2925.372,tp:2928.372,lot_size:0.05
2025-02-20 01:47:46.467756,XAUUSD,BUY,price:2926.364,sl:2925.364,tp:2928.364,lot_size:0.05
2025-02-20 01:47:51.820223,XAUUSD,BUY,price:2926.133,sl:2925.133,tp:2928.133,lot_size:0.05
2025-02-20 01:47:57.327624,XAUUSD,BUY,price:2926.196,sl:2925.196,tp:2928.196,lot_size:0.05
2025-02-20 01:48:02.743542,XAUUSD,BUY,price:2926.064,sl:2925.064,tp:2928.064,lot_size:0.05
2025-02-20 01:48:13.406977,XAUUSD,BUY,price:2926.53,sl:2925.53,tp:2928.53,lot_size:0.05
2025-02-20 02:14:59.393469,XAUUSD,BUY,price:2927.075,sl:2926.075,tp:2929.075,lot_size:0.05
2025-02-20 02:15:04.851462,XAUUSD,BUY,price:2927.37,sl:2926.37,tp:2929.37,lot_size:0.05
2025-02-20 02:15:10.247142,XAUUSD,BUY,price:2927.297,sl:2926.297,tp:2929.297,lot_size:0.05
2025-02-20 02:15:15.622411,XAUUSD,BUY,price:2927.223,sl:2926.223,tp:2929.223,lot_size:0.05
2025-02-20 02:15:21.027832,XAUUSD,BUY,price:2927.154,sl:2926.154,tp:2929.154,lot_size:0.05
2025-02-20 02:15:26.378367,XAUUSD,BUY,price:2927.408,sl:2926.408,tp:2929.408,lot_size:0.05
2025-02-20 02:15:31.778953,XAUUSD,BUY,price:2927.217,sl:2926.217,tp:2929.217,lot_size:0.05
2025-02-20 02:15:37.122298,XAUUSD,BUY,price:2927.19,sl:2926.19,tp:2929.19,lot_size:0.05
2025-02-20 02:15:42.516794,XAUUSD,BUY,price:2927.184,sl:2926.184,tp:2929.184,lot_size:0.05
2025-02-20 02:15:53.215865,XAUUSD,BUY,price:2927.136,sl:2926.136,tp:2929.136,lot_size:0.05
2025-02-20 02:15:58.585880,XAUUSD,BUY,price:2927.615,sl:2926.615,tp:2929.615,lot_size:0.05
2025-02-20 02:16:04.045499,XAUUSD,BUY,price:2927.689,sl:2926.689,tp:2929.689,lot_size:0.05
2025-02-20 02:16:09.415849,XAUUSD,BUY,price:2927.685,sl:2926.685,tp:2929.685,lot_size:0.05
2025-02-20 02:16:14.788910,XAUUSD,BUY,price:2928.097,sl:2927.097,tp:2930.097,lot_size:0.05
2025-02-20 02:16:20.160407,XAUUSD,BUY,price:2928.475,sl:2927.475,tp:2930.475,lot_size:0.05
2025-02-20 02:16:25.521288,XAUUSD,BUY,price:2928.366,sl:2927.366,tp:2930.366,lot_size:0.05
2025-02-20 02:16:30.893036,XAUUSD,BUY,price:2928.101,sl:2927.101,tp:2930.101,lot_size:0.05
2025-02-20 02:16:36.245585,XAUUSD,BUY,price:2928.162,sl:2927.162,tp:2930.162,lot_size:0.05
2025-02-20 02:16:41.593195,XAUUSD,BUY,price:2928.528,sl:2927.528,tp:2930.528,lot_size:0.05
2025-02-20 02:16:47.035312,XAUUSD,BUY,price:2928.526,sl:2927.526,tp:2930.526,lot_size:0.05
2025-02-20 02:16:52.429825,XAUUSD,BUY,price:2928.642,sl:2927.642,tp:2930.642,lot_size:0.05
2025-02-20 02:16:57.806123,XAUUSD,BUY,price:2928.494,sl:2927.494,tp:2930.494,lot_size:0.05
2025-02-20 02:17:03.276687,XAUUSD,BUY,price:2929.024,sl:2928.024,tp:2931.024,lot_size:0.05
2025-02-20 02:17:08.660035,XAUUSD,BUY,price:2928.621,sl:2927.621,tp:2930.621,lot_size:0.05
2025-02-20 02:17:14.025469,XAUUSD,BUY,price:2928.88,sl:2927.88,tp:2930.88,lot_size:0.05
2025-02-20 02:17:19.419387,XAUUSD,BUY,price:2928.986,sl:2927.986,tp:2930.986,lot_size:0.05
2025-02-20 02:17:24.794315,XAUUSD,BUY,price:2928.777,sl:2927.777,tp:2930.777,lot_size:0.05
2025-02-20 02:17:30.162006,XAUUSD,BUY,price:2928.88,sl:2927.88,tp:2930.88,lot_size:0.05
2025-02-20 02:17:35.513616,XAUUSD,BUY,price:2928.875,sl:2927.875,tp:2930.875,lot_size:0.05
2025-02-20 02:17:40.887286,XAUUSD,BUY,price:2928.874,sl:2927.874,tp:2930.874,lot_size:0.05
2025-02-20 02:17:46.282453,XAUUSD,BUY,price:2928.477,sl:2927.477,tp:2930.477,lot_size:0.05
2025-02-20 02:17:51.672574,XAUUSD,BUY,price:2928.552,sl:2927.552,tp:2930.552,lot_size:0.05
2025-02-20 02:17:57.024584,XAUUSD,BUY,price:2928.178,sl:2927.178,tp:2930.178,lot_size:0.05
2025-02-20 02:19:00.132491,XAUUSD,BUY,price:2930.244,sl:2929.244,tp:2932.244,lot_size:0.05
2025-02-20 02:19:05.492548,XAUUSD,BUY,price:2929.914,sl:2928.914,tp:2931.914,lot_size:0.05
2025-02-20 02:19:10.866725,XAUUSD,BUY,price:2930.008,sl:2929.008,tp:2932.008,lot_size:0.05
2025-02-20 02:19:16.222711,XAUUSD,BUY,price:2929.943,sl:2928.943,tp:2931.943,lot_size:0.05
2025-02-20 02:19:21.659715,XAUUSD,BUY,price:2929.728,sl:2928.728,tp:2931.728,lot_size:0.05
2025-02-20 02:19:27.035983,XAUUSD,BUY,price:2929.385,sl:2928.385,tp:2931.385,lot_size:0.05
2025-02-20 02:19:32.389194,XAUUSD,BUY,price:2929.318,sl:2928.318,tp:2931.318,lot_size:0.05
2025-02-20 02:19:37.862697,XAUUSD,BUY,price:2929.006,sl:2928.006,tp:2931.006,lot_size:0.05
2025-02-20 02:19:48.500141,XAUUSD,BUY,price:2929.043,sl:2928.043,tp:2931.043,lot_size:0.05
2025-02-20 02:50:02.889327,XAUUSD,BUY,price:2930.231,sl:2929.231,tp:2932.231,lot_size:0.05
2025-02-20 02:50:08.288822,XAUUSD,BUY,price:2930.414,sl:2929.414,tp:2932.414,lot_size:0.05
2025-02-20 02:50:13.650942,XAUUSD,BUY,price:2930.447,sl:2929.447,tp:2932.447,lot_size:0.05
2025-02-20 02:50:19.035722,XAUUSD,BUY,price:2930.666,sl:2929.666,tp:2932.666,lot_size:0.05
2025-02-20 02:50:24.403536,XAUUSD,BUY,price:2930.681,sl:2929.681,tp:2932.681,lot_size:0.05
2025-02-20 02:50:29.771478,XAUUSD,BUY,price:2930.471,sl:2929.471,tp:2932.471,lot_size:0.05
2025-02-20 02:50:35.231717,XAUUSD,BUY,price:2930.606,sl:2929.606,tp:2932.606,lot_size:0.05
2025-02-20 02:50:40.591398,XAUUSD,BUY,price:2930.77,sl:2929.77,tp:2932.77,lot_size:0.05
2025-02-20 02:50:45.952199,XAUUSD,BUY,price:2930.865,sl:2929.865,tp:2932.865,lot_size:0.05
2025-02-20 02:50:51.420912,XAUUSD,BUY,price:2930.922,sl:2929.922,tp:2932.922,lot_size:0.05
2025-02-20 02:50:56.840660,XAUUSD,BUY,price:2930.816,sl:2929.816,tp:2932.816,lot_size:0.05
2025-02-20 02:51:02.216298,XAUUSD,BUY,price:2930.873,sl:2929.873,tp:2932.873,lot_size:0.05
2025-02-20 02:51:18.160203,XAUUSD,BUY,price:2930.838,sl:2929.838,tp:2932.838,lot_size:0.05
2025-02-20 02:51:23.545131,XAUUSD,BUY,price:2930.848,sl:2929.848,tp:2932.848,lot_size:0.05
2025-02-20 02:51:28.887382,XAUUSD,BUY,price:2930.797,sl:2929.797,tp:2932.797,lot_size:0.05
2025-02-20 02:51:34.340970,XAUUSD,BUY,price:2930.822,sl:2929.822,tp:2932.822,lot_size:0.05
2025-02-20 02:51:39.751000,XAUUSD,BUY,price:2930.818,sl:2929.818,tp:2932.818,lot_size:0.05
2025-02-20 02:51:45.114965,XAUUSD,BUY,price:2930.887,sl:2929.887,tp:2932.887,lot_size:0.05
2025-02-20 02:54:01.844469,XAUUSD,BUY,price:2931.668,sl:2930.668,tp:2933.668,lot_size:0.05
2025-02-20 02:54:07.191721,XAUUSD,BUY,price:2931.647,sl:2930.647,tp:2933.647,lot_size:0.05
2025-02-20 02:54:12.552516,XAUUSD,BUY,price:2931.483,sl:2930.483,tp:2933.483,lot_size:0.05
2025-02-20 02:54:17.904678,XAUUSD,BUY,price:2931.613,sl:2930.613,tp:2933.613,lot_size:0.05
2025-02-20 02:54:23.272318,XAUUSD,BUY,price:2931.515,sl:2930.515,tp:2933.515,lot_size:0.05
2025-02-20 02:54:28.699676,XAUUSD,BUY,price:2931.53,sl:2930.53,tp:2933.53,lot_size:0.05
2025-02-20 02:54:34.086585,XAUUSD,BUY,price:2931.563,sl:2930.563,tp:2933.563,lot_size:0.05
2025-02-20 02:54:39.461775,XAUUSD,BUY,price:2931.542,sl:2930.542,tp:2933.542,lot_size:0.05
2025-02-20 02:54:44.907478,XAUUSD,BUY,price:2931.549,sl:2930.549,tp:2933.549,lot_size:0.05
2025-02-20 02:54:50.339186,XAUUSD,BUY,price:2931.523,sl:2930.523,tp:2933.523,lot_size:0.05
2025-02-20 02:54:55.736071,XAUUSD,BUY,price:2931.576,sl:2930.576,tp:2933.576,lot_size:0.05
2025-02-20 02:55:01.212974,XAUUSD,BUY,price:2931.959,sl:2930.959,tp:2933.959,lot_size:0.05
2025-02-20 02:55:06.559692,XAUUSD,BUY,price:2931.928,sl:2930.928,tp:2933.928,lot_size:0.05
2025-02-20 02:55:11.914441,XAUUSD,BUY,price:2931.888,sl:2930.888,tp:2933.888,lot_size:0.05
2025-02-20 02:55:17.286760,XAUUSD,BUY,price:2932.019,sl:2931.019,tp:2934.019,lot_size:0.05
2025-02-20 02:55:22.641797,XAUUSD,BUY,price:2932.015,sl:2931.015,tp:2934.015,lot_size:0.05
2025-02-20 02:55:28.050794,XAUUSD,BUY,price:2931.91,sl:2930.91,tp:2933.91,lot_size:0.05
2025-02-20 02:55:33.436756,XAUUSD,BUY,price:2932.123,sl:2931.123,tp:2934.123,lot_size:0.05
2025-02-20 02:55:38.786892,XAUUSD,BUY,price:2932.038,sl:2931.038,tp:2934.038,lot_size:0.05
2025-02-20 02:55:44.244947,XAUUSD,BUY,price:2932.062,sl:2931.062,tp:2934.062,lot_size:0.05
2025-02-20 02:55:49.665019,XAUUSD,BUY,price:2932.288,sl:2931.288,tp:2934.288,lot_size:0.05
2025-02-20 02:55:55.046702,XAUUSD,BUY,price:2932.423,sl:2931.423,tp:2934.423,lot_size:0.05
2025-02-20 02:56:00.505970,XAUUSD,BUY,price:2932.197,sl:2931.197,tp:2934.197,lot_size:0.05
2025-02-20 02:56:05.860161,XAUUSD,BUY,price:2932.136,sl:2931.136,tp:2934.136,lot_size:0.05
2025-02-20 03:00:59.793712,XAUUSD,BUY,price:2932.497,sl:2931.497,tp:2934.497,lot_size:0.05
2025-02-20 03:14:03.780764,XAUUSD,BUY,price:2933.421,sl:2932.421,tp:2935.421,lot_size:0.05
2025-02-20 03:14:09.132619,XAUUSD,BUY,price:2933.429,sl:2932.429,tp:2935.429,lot_size:0.05
2025-02-20 03:14:14.494172,XAUUSD,BUY,price:2933.175,sl:2932.175,tp:2935.175,lot_size:0.05
2025-02-20 03:14:19.868054,XAUUSD,BUY,price:2933.151,sl:2932.151,tp:2935.151,lot_size:0.05
2025-02-20 03:14:30.587829,XAUUSD,BUY,price:2932.829,sl:2931.829,tp:2934.829,lot_size:0.05
2025-02-20 03:14:35.954832,XAUUSD,BUY,price:2932.855,sl:2931.855,tp:2934.855,lot_size:0.05
2025-02-20 03:14:51.853488,XAUUSD,BUY,price:2932.886,sl:2931.886,tp:2934.886,lot_size:0.05
2025-02-20 03:26:04.930069,XAUUSD,BUY,price:2934.274,sl:2933.274,tp:2936.274,lot_size:0.05
2025-02-20 03:26:10.284075,XAUUSD,BUY,price:2934.201,sl:2933.201,tp:2936.201,lot_size:0.05
2025-02-20 03:26:15.635818,XAUUSD,BUY,price:2934.224,sl:2933.224,tp:2936.224,lot_size:0.05
2025-02-20 03:26:20.993369,XAUUSD,BUY,price:2934.214,sl:2933.214,tp:2936.214,lot_size:0.05
2025-02-20 03:26:26.346296,XAUUSD,BUY,price:2934.208,sl:2933.208,tp:2936.208,lot_size:0.05
2025-02-20 03:26:31.768119,XAUUSD,BUY,price:2934.284,sl:2933.284,tp:2936.284,lot_size:0.05
2025-02-20 03:26:37.128892,XAUUSD,BUY,price:2934.405,sl:2933.405,tp:2936.405,lot_size:0.05
2025-02-20 03:26:42.471189,XAUUSD,BUY,price:2934.485,sl:2933.485,tp:2936.485,lot_size:0.05
2025-02-20 03:26:47.922351,XAUUSD,BUY,price:2934.517,sl:2933.517,tp:2936.517,lot_size:0.05
2025-02-20 03:26:53.334310,XAUUSD,BUY,price:2934.363,sl:2933.363,tp:2936.363,lot_size:0.05
2025-02-20 03:26:58.695068,XAUUSD,BUY,price:2934.159,sl:2933.159,tp:2936.159,lot_size:0.05
2025-02-20 03:28:59.845849,XAUUSD,BUY,price:2934.797,sl:2933.797,tp:2936.797,lot_size:0.05
2025-02-20 03:29:05.214034,XAUUSD,BUY,price:2934.672,sl:2933.672,tp:2936.672,lot_size:0.05
2025-02-20 03:29:42.044561,XAUUSD,BUY,price:2934.601,sl:2933.601,tp:2936.601,lot_size:0.05
2025-02-20 03:29:47.391250,XAUUSD,BUY,price:2934.645,sl:2933.645,tp:2936.645,lot_size:0.05
2025-02-20 03:29:52.759806,XAUUSD,BUY,price:2934.662,sl:2933.662,tp:2936.662,lot_size:0.05
2025-02-20 03:32:04.377478,XAUUSD,BUY,price:2935.41,sl:2934.41,tp:2937.41,lot_size:0.05
2025-02-20 03:32:09.785840,XAUUSD,BUY,price:2935.613,sl:2934.613,tp:2937.613,lot_size:0.05
2025-02-20 03:32:15.158755,XAUUSD,BUY,price:2935.77,sl:2934.77,tp:2937.77,lot_size:0.05
2025-02-20 03:32:20.510349,XAUUSD,BUY,price:2935.702,sl:2934.702,tp:2937.702,lot_size:0.05
2025-02-20 03:32:25.866313,XAUUSD,BUY,price:2935.527,sl:2934.527,tp:2937.527,lot_size:0.05
2025-02-20 03:32:31.226834,XAUUSD,BUY,price:2935.512,sl:2934.512,tp:2937.512,lot_size:0.05
2025-02-20 03:32:36.669491,XAUUSD,BUY,price:2935.496,sl:2934.496,tp:2937.496,lot_size:0.05
2025-02-20 03:32:42.052222,XAUUSD,BUY,price:2935.609,sl:2934.609,tp:2937.609,lot_size:0.05
2025-02-20 03:32:47.408859,XAUUSD,BUY,price:2935.661,sl:2934.661,tp:2937.661,lot_size:0.05
2025-02-20 03:32:52.850498,XAUUSD,BUY,price:2935.829,sl:2934.829,tp:2937.829,lot_size:0.05
2025-02-20 03:32:58.243433,XAUUSD,BUY,price:2936.215,sl:2935.215,tp:2938.215,lot_size:0.05
2025-02-20 03:33:03.613942,XAUUSD,BUY,price:2935.914,sl:2934.914,tp:2937.914,lot_size:0.05
2025-02-20 03:33:09.077396,XAUUSD,BUY,price:2936.302,sl:2935.302,tp:2938.302,lot_size:0.05
2025-02-20 03:33:14.441714,XAUUSD,BUY,price:2936.372,sl:2935.372,tp:2938.372,lot_size:0.05
2025-02-20 03:33:19.792386,XAUUSD,BUY,price:2936.334,sl:2935.334,tp:2938.334,lot_size:0.05
2025-02-20 03:33:25.178728,XAUUSD,BUY,price:2936.214,sl:2935.214,tp:2938.214,lot_size:0.05
2025-02-20 03:33:30.545025,XAUUSD,BUY,price:2936.132,sl:2935.132,tp:2938.132,lot_size:0.05
2025-02-20 03:33:35.944635,XAUUSD,BUY,price:2936.016,sl:2935.016,tp:2938.016,lot_size:0.05
2025-02-20 03:33:41.322231,XAUUSD,BUY,price:2935.861,sl:2934.861,tp:2937.861,lot_size:0.05
2025-02-20 03:33:46.705289,XAUUSD,BUY,price:2935.833,sl:2934.833,tp:2937.833,lot_size:0.05
2025-02-20 03:33:52.116336,XAUUSD,BUY,price:2935.84,sl:2934.84,tp:2937.84,lot_size:0.05
2025-02-20 03:33:57.539819,XAUUSD,BUY,price:2935.82,sl:2934.82,tp:2937.82,lot_size:0.05
2025-02-20 03:47:01.256101,XAUUSD,SELL,price:2933.585,sl:2934.585,tp:2931.585,lot_size:0.05
2025-02-20 03:47:06.663281,XAUUSD,SELL,price:2933.346,sl:2934.346,tp:2931.346,lot_size:0.05
2025-02-20 03:47:12.028072,XAUUSD,SELL,price:2933.363,sl:2934.363,tp:2931.363,lot_size:0.05
2025-02-20 03:47:17.454473,XAUUSD,SELL,price:2933.295,sl:2934.295,tp:2931.295,lot_size:0.05
2025-02-20 03:47:22.881222,XAUUSD,SELL,price:2933.229,sl:2934.229,tp:2931.229,lot_size:0.05
2025-02-20 03:47:28.238020,XAUUSD,SELL,price:2933.29,sl:2934.29,tp:2931.29,lot_size:0.05
2025-02-20 03:47:33.678758,XAUUSD,SELL,price:2933.277,sl:2934.277,tp:2931.277,lot_size:0.05
2025-02-20 03:47:39.040134,XAUUSD,SELL,price:2933.253,sl:2934.253,tp:2931.253,lot_size:0.05
2025-02-20 03:47:44.401957,XAUUSD,SELL,price:2933.254,sl:2934.254,tp:2931.254,lot_size:0.05
2025-02-20 03:47:49.783347,XAUUSD,SELL,price:2933.184,sl:2934.184,tp:2931.184,lot_size:0.05
2025-02-20 03:47:55.143965,XAUUSD,SELL,price:2933.346,sl:2934.346,tp:2931.346,lot_size:0.05
2025-02-20 03:48:00.580690,XAUUSD,SELL,price:2933.265,sl:2934.265,tp:2931.265,lot_size:0.05
2025-02-20 03:48:05.956232,XAUUSD,SELL,price:2933.305,sl:2934.305,tp:2931.305,lot_size:0.05
2025-02-20 03:48:11.312684,XAUUSD,SELL,price:2933.36,sl:2934.36,tp:2931.36,lot_size:0.05
2025-02-20 03:48:16.747294,XAUUSD,SELL,price:2933.356,sl:2934.356,tp:2931.356,lot_size:0.05
2025-02-20 03:48:22.138386,XAUUSD,SELL,price:2933.297,sl:2934.297,tp:2931.297,lot_size:0.05
2025-02-20 03:48:27.503085,XAUUSD,SELL,price:2933.217,sl:2934.217,tp:2931.217,lot_size:0.05
2025-02-20 03:48:32.971573,XAUUSD,SELL,price:2933.179,sl:2934.179,tp:2931.179,lot_size:0.05
2025-02-20 03:48:38.319897,XAUUSD,SELL,price:2933.109,sl:2934.109,tp:2931.109,lot_size:0.05
2025-02-20 03:48:43.682351,XAUUSD,SELL,price:2933.045,sl:2934.045,tp:2931.045,lot_size:0.05
2025-02-20 03:48:49.053798,XAUUSD,SELL,price:2932.879,sl:2933.879,tp:2930.879,lot_size:0.05
2025-02-20 03:48:54.418798,XAUUSD,SELL,price:2932.957,sl:2933.957,tp:2930.957,lot_size:0.05
2025-02-20 03:49:05.154465,XAUUSD,SELL,price:2932.918,sl:2933.918,tp:2930.918,lot_size:0.05
2025-02-20 03:49:10.544813,XAUUSD,SELL,price:2932.932,sl:2933.932,tp:2930.932,lot_size:0.05
2025-02-20 03:49:16.079170,XAUUSD,SELL,price:2932.69,sl:2933.69,tp:2930.69,lot_size:0.05
2025-02-20 03:49:21.500964,XAUUSD,SELL,price:2932.709,sl:2933.709,tp:2930.709,lot_size:0.05
2025-02-20 03:49:26.863890,XAUUSD,SELL,price:2932.929,sl:2933.929,tp:2930.929,lot_size:0.05
2025-02-20 03:49:32.336775,XAUUSD,SELL,price:2932.796,sl:2933.796,tp:2930.796,lot_size:0.05
2025-02-20 03:49:37.703238,XAUUSD,SELL,price:2932.72,sl:2933.72,tp:2930.72,lot_size:0.05
2025-02-20 03:49:43.072864,XAUUSD,SELL,price:2932.737,sl:2933.737,tp:2930.737,lot_size:0.05
2025-02-20 03:49:48.425782,XAUUSD,SELL,price:2932.722,sl:2933.722,tp:2930.722,lot_size:0.05
2025-02-20 03:49:53.803678,XAUUSD,SELL,price:2932.68,sl:2933.68,tp:2930.68,lot_size:0.05
2025-02-20 03:50:04.440415,XAUUSD,SELL,price:2932.74,sl:2933.74,tp:2930.74,lot_size:0.05
2025-02-20 03:50:09.777676,XAUUSD,SELL,price:2932.695,sl:2933.695,tp:2930.695,lot_size:0.05
2025-02-20 03:50:15.211568,XAUUSD,SELL,price:2932.587,sl:2933.587,tp:2930.587,lot_size:0.05
2025-02-20 03:50:20.616866,XAUUSD,SELL,price:2932.558,sl:2933.558,tp:2930.558,lot_size:0.05
2025-02-20 03:50:25.970681,XAUUSD,SELL,price:2932.824,sl:2933.824,tp:2930.824,lot_size:0.05
2025-02-20 04:07:04.934159,XAUUSD,BUY,price:2936.577,sl:2935.577,tp:2938.577,lot_size:0.05
2025-02-20 04:07:10.301982,XAUUSD,BUY,price:2936.535,sl:2935.535,tp:2938.535,lot_size:0.05
2025-02-20 04:07:15.656772,XAUUSD,BUY,price:2936.6,sl:2935.6,tp:2938.6,lot_size:0.05
2025-02-20 04:07:21.089446,XAUUSD,BUY,price:2936.629,sl:2935.629,tp:2938.629,lot_size:0.05
2025-02-20 04:07:26.500250,XAUUSD,BUY,price:2936.711,sl:2935.711,tp:2938.711,lot_size:0.05
2025-02-20 04:07:31.864574,XAUUSD,BUY,price:2936.591,sl:2935.591,tp:2938.591,lot_size:0.05
2025-02-20 04:07:37.337274,XAUUSD,BUY,price:2936.548,sl:2935.548,tp:2938.548,lot_size:0.05
2025-02-20 04:07:42.716523,XAUUSD,BUY,price:2936.308,sl:2935.308,tp:2938.308,lot_size:0.05
2025-02-20 04:07:48.086952,XAUUSD,BUY,price:2936.476,sl:2935.476,tp:2938.476,lot_size:0.05
2025-02-20 04:07:53.506230,XAUUSD,BUY,price:2936.324,sl:2935.324,tp:2938.324,lot_size:0.05
2025-02-20 04:07:58.863822,XAUUSD,BUY,price:2936.58,sl:2935.58,tp:2938.58,lot_size:0.05
2025-02-20 04:23:13.674312,XAUUSD,SELL,price:2935.009,sl:2936.009,tp:2933.009,lot_size:0.05
2025-02-20 04:23:19.038347,XAUUSD,SELL,price:2934.755,sl:2935.755,tp:2932.755,lot_size:0.05
2025-02-20 04:23:24.449447,XAUUSD,SELL,price:2934.68,sl:2935.68,tp:2932.68,lot_size:0.05
2025-02-20 04:23:29.889546,XAUUSD,SELL,price:2934.712,sl:2935.712,tp:2932.712,lot_size:0.05
2025-02-20 04:23:35.274602,XAUUSD,SELL,price:2934.768,sl:2935.768,tp:2932.768,lot_size:0.05
2025-02-20 04:23:40.724856,XAUUSD,SELL,price:2934.696,sl:2935.696,tp:2932.696,lot_size:0.05
2025-02-20 04:23:46.077612,XAUUSD,SELL,price:2934.912,sl:2935.912,tp:2932.912,lot_size:0.05
2025-02-20 04:23:51.474076,XAUUSD,SELL,price:2934.866,sl:2935.866,tp:2932.866,lot_size:0.05
2025-02-20 04:23:56.831968,XAUUSD,SELL,price:2934.815,sl:2935.815,tp:2932.815,lot_size:0.05
2025-02-20 04:24:02.209298,XAUUSD,SELL,price:2934.811,sl:2935.811,tp:2932.811,lot_size:0.05
2025-02-20 04:24:07.631800,XAUUSD,SELL,price:2934.904,sl:2935.904,tp:2932.904,lot_size:0.05
2025-02-20 04:24:13.039962,XAUUSD,SELL,price:2934.902,sl:2935.902,tp:2932.902,lot_size:0.05
2025-02-20 04:24:18.379433,XAUUSD,SELL,price:2934.81,sl:2935.81,tp:2932.81,lot_size:0.05
2025-02-20 04:24:23.810426,XAUUSD,SELL,price:2934.803,sl:2935.803,tp:2932.803,lot_size:0.05
2025-02-20 04:24:29.184657,XAUUSD,SELL,price:2934.736,sl:2935.736,tp:2932.736,lot_size:0.05
2025-02-20 04:24:34.543754,XAUUSD,SELL,price:2934.759,sl:2935.759,tp:2932.759,lot_size:0.05
2025-02-20 04:24:40.013634,XAUUSD,SELL,price:2934.804,sl:2935.804,tp:2932.804,lot_size:0.05
2025-02-20 04:24:45.418420,XAUUSD,SELL,price:2934.694,sl:2935.694,tp:2932.694,lot_size:0.05
2025-02-20 04:24:50.781246,XAUUSD,SELL,price:2934.636,sl:2935.636,tp:2932.636,lot_size:0.05
2025-02-20 04:24:56.188940,XAUUSD,SELL,price:2934.659,sl:2935.659,tp:2932.659,lot_size:0.05
2025-02-20 04:25:01.538156,XAUUSD,SELL,price:2934.58,sl:2935.58,tp:2932.58,lot_size:0.05
2025-02-20 04:25:06.890650,XAUUSD,SELL,price:2934.58,sl:2935.58,tp:2932.58,lot_size:0.05
2025-02-20 04:25:12.250502,XAUUSD,SELL,price:2934.66,sl:2935.66,tp:2932.66,lot_size:0.05
2025-02-20 04:25:28.131017,XAUUSD,SELL,price:2934.475,sl:2935.475,tp:2932.475,lot_size:0.05
2025-02-20 04:25:33.504738,XAUUSD,SELL,price:2934.389,sl:2935.389,tp:2932.389,lot_size:0.05
2025-02-20 04:25:38.887993,XAUUSD,SELL,price:2934.375,sl:2935.375,tp:2932.375,lot_size:0.05
2025-02-20 04:25:44.258486,XAUUSD,SELL,price:2934.398,sl:2935.398,tp:2932.398,lot_size:0.05
2025-02-20 04:25:49.626826,XAUUSD,SELL,price:2934.406,sl:2935.406,tp:2932.406,lot_size:0.05
2025-02-20 04:25:54.989844,XAUUSD,SELL,price:2934.395,sl:2935.395,tp:2932.395,lot_size:0.05
2025-02-20 04:26:00.354625,XAUUSD,SELL,price:2934.476,sl:2935.476,tp:2932.476,lot_size:0.05
2025-02-20 04:26:05.806733,XAUUSD,SELL,price:2934.507,sl:2935.507,tp:2932.507,lot_size:0.05
2025-02-20 04:26:37.487522,XAUUSD,SELL,price:2934.557,sl:2935.557,tp:2932.557,lot_size:0.05
2025-02-20 04:26:42.836803,XAUUSD,SELL,price:2934.572,sl:2935.572,tp:2932.572,lot_size:0.05
2025-02-20 04:30:02.412316,XAUUSD,SELL,price:2934.174,sl:2935.174,tp:2932.174,lot_size:0.05
2025-02-20 04:30:07.787272,XAUUSD,SELL,price:2934.18,sl:2935.18,tp:2932.18,lot_size:0.05
2025-02-20 04:30:13.157252,XAUUSD,SELL,price:2934.194,sl:2935.194,tp:2932.194,lot_size:0.05
2025-02-20 04:30:18.649714,XAUUSD,SELL,price:2934.231,sl:2935.231,tp:2932.231,lot_size:0.05
2025-02-20 04:30:50.301385,XAUUSD,SELL,price:2934.227,sl:2935.227,tp:2932.227,lot_size:0.05
2025-02-20 04:35:02.560301,XAUUSD,SELL,price:2933.812,sl:2934.812,tp:2931.812,lot_size:0.05
2025-02-20 04:35:07.926665,XAUUSD,SELL,price:2933.751,sl:2934.751,tp:2931.751,lot_size:0.05
2025-02-20 04:35:13.290944,XAUUSD,SELL,price:2933.717,sl:2934.717,tp:2931.717,lot_size:0.05
2025-02-20 04:35:18.665912,XAUUSD,SELL,price:2933.692,sl:2934.692,tp:2931.692,lot_size:0.05
2025-02-20 04:35:24.091337,XAUUSD,SELL,price:2933.774,sl:2934.774,tp:2931.774,lot_size:0.05
2025-02-20 04:35:29.518808,XAUUSD,SELL,price:2933.746,sl:2934.746,tp:2931.746,lot_size:0.05
2025-02-20 04:35:34.896286,XAUUSD,SELL,price:2933.722,sl:2934.722,tp:2931.722,lot_size:0.05
2025-02-20 04:35:40.336988,XAUUSD,SELL,price:2933.724,sl:2934.724,tp:2931.724,lot_size:0.05
2025-02-20 04:35:45.725107,XAUUSD,SELL,price:2933.896,sl:2934.896,tp:2931.896,lot_size:0.05
2025-02-20 04:35:51.077540,XAUUSD,SELL,price:2933.809,sl:2934.809,tp:2931.809,lot_size:0.05
2025-02-20 04:35:56.465123,XAUUSD,SELL,price:2933.8,sl:2934.8,tp:2931.8,lot_size:0.05
2025-02-20 04:36:59.674709,XAUUSD,SELL,price:2933.155,sl:2934.155,tp:2931.155,lot_size:0.05
2025-02-20 04:37:05.055372,XAUUSD,SELL,price:2933.084,sl:2934.084,tp:2931.084,lot_size:0.05
2025-02-20 04:37:10.406123,XAUUSD,SELL,price:2933.013,sl:2934.013,tp:2931.013,lot_size:0.05
2025-02-20 04:37:15.842873,XAUUSD,SELL,price:2932.946,sl:2933.946,tp:2930.946,lot_size:0.05
2025-02-20 04:37:21.280002,XAUUSD,SELL,price:2932.896,sl:2933.896,tp:2930.896,lot_size:0.05
2025-02-20 04:37:26.653098,XAUUSD,SELL,price:2932.945,sl:2933.945,tp:2930.945,lot_size:0.05
2025-02-20 04:37:32.105216,XAUUSD,SELL,price:2932.973,sl:2933.973,tp:2930.973,lot_size:0.05
2025-02-20 04:37:37.463919,XAUUSD,SELL,price:2933.071,sl:2934.071,tp:2931.071,lot_size:0.05
2025-02-20 04:37:42.835478,XAUUSD,SELL,price:2933.076,sl:2934.076,tp:2931.076,lot_size:0.05
2025-02-20 04:37:48.258996,XAUUSD,SELL,price:2932.97,sl:2933.97,tp:2930.97,lot_size:0.05
2025-02-20 04:37:53.616821,XAUUSD,SELL,price:2932.715,sl:2933.715,tp:2930.715,lot_size:0.05
2025-02-20 04:37:58.989382,XAUUSD,SELL,price:2932.731,sl:2933.731,tp:2930.731,lot_size:0.05
2025-02-20 04:38:04.346299,XAUUSD,SELL,price:2932.65,sl:2933.65,tp:2930.65,lot_size:0.05
2025-02-20 04:38:09.705735,XAUUSD,SELL,price:2932.682,sl:2933.682,tp:2930.682,lot_size:0.05
2025-02-20 04:38:15.144378,XAUUSD,SELL,price:2932.699,sl:2933.699,tp:2930.699,lot_size:0.05
2025-02-20 04:38:20.533756,XAUUSD,SELL,price:2932.723,sl:2933.723,tp:2930.723,lot_size:0.05
2025-02-20 04:38:25.893058,XAUUSD,SELL,price:2932.781,sl:2933.781,tp:2930.781,lot_size:0.05
2025-02-20 04:38:31.379875,XAUUSD,SELL,price:2932.773,sl:2933.773,tp:2930.773,lot_size:0.05
2025-02-20 04:38:36.779831,XAUUSD,SELL,price:2932.848,sl:2933.848,tp:2930.848,lot_size:0.05
2025-02-20 04:47:01.645293,XAUUSD,SELL,price:2932.466,sl:2933.466,tp:2930.466,lot_size:0.05
2025-02-20 04:47:07.057864,XAUUSD,SELL,price:2932.462,sl:2933.462,tp:2930.462,lot_size:0.05
2025-02-20 04:47:12.428158,XAUUSD,SELL,price:2932.462,sl:2933.462,tp:2930.462,lot_size:0.05
2025-02-20 04:47:17.780446,XAUUSD,SELL,price:2932.471,sl:2933.471,tp:2930.471,lot_size:0.05
2025-02-20 04:47:23.137092,XAUUSD,SELL,price:2932.483,sl:2933.483,tp:2930.483,lot_size:0.05
2025-02-20 04:47:28.485009,XAUUSD,SELL,price:2932.489,sl:2933.489,tp:2930.489,lot_size:0.05
2025-02-20 04:47:33.973387,XAUUSD,SELL,price:2932.475,sl:2933.475,tp:2930.475,lot_size:0.05
2025-02-20 06:06:01.468659,XAUUSD,BUY,price:2934.434,sl:2933.434,tp:2936.434,lot_size:0.05
2025-02-20 06:06:06.847611,XAUUSD,BUY,price:2934.434,sl:2933.434,tp:2936.434,lot_size:0.05
2025-02-20 06:06:12.216764,XAUUSD,BUY,price:2934.422,sl:2933.422,tp:2936.422,lot_size:0.05
2025-02-20 06:06:17.607896,XAUUSD,BUY,price:2934.447,sl:2933.447,tp:2936.447,lot_size:0.05
2025-02-20 06:06:22.963182,XAUUSD,BUY,price:2934.538,sl:2933.538,tp:2936.538,lot_size:0.05
2025-02-20 06:06:28.345747,XAUUSD,BUY,price:2934.591,sl:2933.591,tp:2936.591,lot_size:0.05
2025-02-20 06:06:33.698923,XAUUSD,BUY,price:2934.581,sl:2933.581,tp:2936.581,lot_size:0.05
2025-02-20 06:06:39.058261,XAUUSD,BUY,price:2934.502,sl:2933.502,tp:2936.502,lot_size:0.05
2025-02-20 06:06:44.479332,XAUUSD,BUY,price:2934.489,sl:2933.489,tp:2936.489,lot_size:0.05
2025-02-20 06:06:49.887830,XAUUSD,BUY,price:2934.445,sl:2933.445,tp:2936.445,lot_size:0.05
2025-02-20 06:06:55.229063,XAUUSD,BUY,price:2934.412,sl:2933.412,tp:2936.412,lot_size:0.05
2025-02-20 06:07:00.681457,XAUUSD,BUY,price:2934.49,sl:2933.49,tp:2936.49,lot_size:0.05
2025-02-20 06:07:06.040526,XAUUSD,BUY,price:2934.49,sl:2933.49,tp:2936.49,lot_size:0.05
2025-02-20 06:07:11.398293,XAUUSD,BUY,price:2934.491,sl:2933.491,tp:2936.491,lot_size:0.05
2025-02-20 06:07:58.848238,XAUUSD,BUY,price:2934.54,sl:2933.54,tp:2936.54,lot_size:0.05
2025-02-20 06:16:02.434556,XAUUSD,BUY,price:2934.853,sl:2933.853,tp:2936.853,lot_size:0.05
2025-02-20 06:16:07.790548,XAUUSD,BUY,price:2934.782,sl:2933.782,tp:2936.782,lot_size:0.05
2025-02-20 06:16:13.251241,XAUUSD,BUY,price:2934.798,sl:2933.798,tp:2936.798,lot_size:0.05
2025-02-20 06:16:18.641597,XAUUSD,BUY,price:2934.86,sl:2933.86,tp:2936.86,lot_size:0.05
2025-02-20 06:16:24.038559,XAUUSD,BUY,price:2934.825,sl:2933.825,tp:2936.825,lot_size:0.05
2025-02-20 06:16:29.490745,XAUUSD,BUY,price:2935.009,sl:2934.009,tp:2937.009,lot_size:0.05
2025-02-20 06:16:34.893525,XAUUSD,BUY,price:2935.032,sl:2934.032,tp:2937.032,lot_size:0.05
2025-02-20 06:16:40.246162,XAUUSD,BUY,price:2935.081,sl:2934.081,tp:2937.081,lot_size:0.05
2025-02-20 06:16:45.668596,XAUUSD,BUY,price:2935.152,sl:2934.152,tp:2937.152,lot_size:0.05
2025-02-20 06:16:51.032152,XAUUSD,BUY,price:2935.103,sl:2934.103,tp:2937.103,lot_size:0.05
2025-02-20 06:16:56.412141,XAUUSD,BUY,price:2935.063,sl:2934.063,tp:2937.063,lot_size:0.05
2025-02-20 06:17:01.771558,XAUUSD,BUY,price:2935.066,sl:2934.066,tp:2937.066,lot_size:0.05
2025-02-20 06:17:07.148986,XAUUSD,BUY,price:2935.093,sl:2934.093,tp:2937.093,lot_size:0.05
2025-02-20 06:17:12.560891,XAUUSD,BUY,price:2935.171,sl:2934.171,tp:2937.171,lot_size:0.05
2025-02-20 06:17:17.924454,XAUUSD,BUY,price:2935.044,sl:2934.044,tp:2937.044,lot_size:0.05
2025-02-20 06:17:23.280148,XAUUSD,BUY,price:2934.992,sl:2933.992,tp:2936.992,lot_size:0.05
2025-02-20 06:17:28.731066,XAUUSD,BUY,price:2935.083,sl:2934.083,tp:2937.083,lot_size:0.05
2025-02-20 06:17:34.098793,XAUUSD,BUY,price:2935.038,sl:2934.038,tp:2937.038,lot_size:0.05
2025-02-20 06:17:39.451465,XAUUSD,BUY,price:2935.054,sl:2934.054,tp:2937.054,lot_size:0.05
2025-02-20 06:17:44.860494,XAUUSD,BUY,price:2935.044,sl:2934.044,tp:2937.044,lot_size:0.05
2025-02-20 06:17:50.198289,XAUUSD,BUY,price:2935.117,sl:2934.117,tp:2937.117,lot_size:0.05
2025-02-20 06:17:55.554722,XAUUSD,BUY,price:2935.049,sl:2934.049,tp:2937.049,lot_size:0.05
2025-02-20 06:18:00.921183,XAUUSD,BUY,price:2935.08,sl:2934.08,tp:2937.08,lot_size:0.05
2025-02-20 06:21:04.755814,XAUUSD,BUY,price:2935.562,sl:2934.562,tp:2937.562,lot_size:0.05
2025-02-20 06:21:10.094879,XAUUSD,BUY,price:2935.619,sl:2934.619,tp:2937.619,lot_size:0.05
2025-02-20 06:21:15.571601,XAUUSD,BUY,price:2935.531,sl:2934.531,tp:2937.531,lot_size:0.05
2025-02-20 06:21:20.967034,XAUUSD,BUY,price:2935.531,sl:2934.531,tp:2937.531,lot_size:0.05
2025-02-20 06:21:26.321160,XAUUSD,BUY,price:2935.554,sl:2934.554,tp:2937.554,lot_size:0.05
2025-02-20 06:21:31.771413,XAUUSD,BUY,price:2935.666,sl:2934.666,tp:2937.666,lot_size:0.05
2025-02-20 06:21:37.162570,XAUUSD,BUY,price:2935.622,sl:2934.622,tp:2937.622,lot_size:0.05
2025-02-20 06:21:42.556684,XAUUSD,BUY,price:2935.569,sl:2934.569,tp:2937.569,lot_size:0.05
2025-02-20 06:21:47.957127,XAUUSD,BUY,price:2935.254,sl:2934.254,tp:2937.254,lot_size:0.05
2025-02-20 06:21:53.305161,XAUUSD,BUY,price:2935.234,sl:2934.234,tp:2937.234,lot_size:0.05
2025-02-20 06:35:02.562208,XAUUSD,SELL,price:2933.68,sl:2934.68,tp:2931.68,lot_size:0.05
2025-02-20 06:47:03.635898,XAUUSD,BUY,price:2935.597,sl:2934.597,tp:2937.597,lot_size:0.05
2025-02-20 06:47:08.998531,XAUUSD,BUY,price:2935.531,sl:2934.531,tp:2937.531,lot_size:0.05
2025-02-20 06:47:19.634052,XAUUSD,BUY,price:2935.591,sl:2934.591,tp:2937.591,lot_size:0.05
2025-02-20 06:47:25.017828,XAUUSD,BUY,price:2935.595,sl:2934.595,tp:2937.595,lot_size:0.05
2025-02-20 06:47:30.379095,XAUUSD,BUY,price:2935.615,sl:2934.615,tp:2937.615,lot_size:0.05
2025-02-20 06:47:51.588060,XAUUSD,BUY,price:2935.607,sl:2934.607,tp:2937.607,lot_size:0.05
2025-02-20 06:47:57.062408,XAUUSD,BUY,price:2935.506,sl:2934.506,tp:2937.506,lot_size:0.05
2025-02-20 06:50:03.110421,XAUUSD,BUY,price:2936.084,sl:2935.084,tp:2938.084,lot_size:0.05
2025-02-20 06:50:08.585762,XAUUSD,BUY,price:2936.003,sl:2935.003,tp:2938.003,lot_size:0.05
2025-02-20 06:50:14.010360,XAUUSD,BUY,price:2935.94,sl:2934.94,tp:2937.94,lot_size:0.05
2025-02-20 06:50:19.400862,XAUUSD,BUY,price:2935.933,sl:2934.933,tp:2937.933,lot_size:0.05
2025-02-20 06:50:24.823329,XAUUSD,BUY,price:2935.968,sl:2934.968,tp:2937.968,lot_size:0.05
2025-02-20 06:50:30.166554,XAUUSD,BUY,price:2935.955,sl:2934.955,tp:2937.955,lot_size:0.05
2025-02-20 06:50:35.521515,XAUUSD,BUY,price:2936.139,sl:2935.139,tp:2938.139,lot_size:0.05
2025-02-20 06:50:40.894666,XAUUSD,BUY,price:2936.137,sl:2935.137,tp:2938.137,lot_size:0.05
2025-02-20 06:50:46.237977,XAUUSD,BUY,price:2936.19,sl:2935.19,tp:2938.19,lot_size:0.05
2025-02-20 06:50:51.658497,XAUUSD,BUY,price:2936.094,sl:2935.094,tp:2938.094,lot_size:0.05
2025-02-20 06:50:57.040491,XAUUSD,BUY,price:2936.094,sl:2935.094,tp:2938.094,lot_size:0.05
2025-02-20 07:01:01.506680,XAUUSD,BUY,price:2936.919,sl:2935.919,tp:2938.919,lot_size:0.05
2025-02-20 07:01:06.875219,XAUUSD,BUY,price:2936.874,sl:2935.874,tp:2938.874,lot_size:0.05
2025-02-20 07:01:12.313987,XAUUSD,BUY,price:2936.896,sl:2935.896,tp:2938.896,lot_size:0.05
2025-02-20 07:01:17.763166,XAUUSD,BUY,price:2936.834,sl:2935.834,tp:2938.834,lot_size:0.05
2025-02-20 07:01:23.139348,XAUUSD,BUY,price:2937.05,sl:2936.05,tp:2939.05,lot_size:0.05
2025-02-20 07:01:28.568637,XAUUSD,BUY,price:2936.926,sl:2935.926,tp:2938.926,lot_size:0.05
2025-02-20 07:01:33.922847,XAUUSD,BUY,price:2937.103,sl:2936.103,tp:2939.103,lot_size:0.05
2025-02-20 07:01:39.298794,XAUUSD,BUY,price:2937.251,sl:2936.251,tp:2939.251,lot_size:0.05
2025-02-20 07:01:44.647490,XAUUSD,BUY,price:2937.263,sl:2936.263,tp:2939.263,lot_size:0.05
2025-02-20 07:01:50.011485,XAUUSD,BUY,price:2937.247,sl:2936.247,tp:2939.247,lot_size:0.05
2025-02-20 07:01:55.431398,XAUUSD,BUY,price:2937.401,sl:2936.401,tp:2939.401,lot_size:0.05
2025-02-20 07:02:00.793737,XAUUSD,BUY,price:2937.251,sl:2936.251,tp:2939.251,lot_size:0.05
2025-02-20 07:02:06.149319,XAUUSD,BUY,price:2936.925,sl:2935.925,tp:2938.925,lot_size:0.05
2025-02-20 07:02:16.856857,XAUUSD,BUY,price:2936.937,sl:2935.937,tp:2938.937,lot_size:0.05
2025-02-20 07:02:22.234031,XAUUSD,BUY,price:2937.006,sl:2936.006,tp:2939.006,lot_size:0.05
2025-02-20 07:02:27.622002,XAUUSD,BUY,price:2937.051,sl:2936.051,tp:2939.051,lot_size:0.05
2025-02-20 07:02:32.993622,XAUUSD,BUY,price:2937.068,sl:2936.068,tp:2939.068,lot_size:0.05
2025-02-20 07:02:38.360707,XAUUSD,BUY,price:2936.981,sl:2935.981,tp:2938.981,lot_size:0.05
2025-02-20 07:02:43.726497,XAUUSD,BUY,price:2937.215,sl:2936.215,tp:2939.215,lot_size:0.05
2025-02-20 07:02:49.088906,XAUUSD,BUY,price:2937.33,sl:2936.33,tp:2939.33,lot_size:0.05
2025-02-20 07:02:54.561705,XAUUSD,BUY,price:2937.394,sl:2936.394,tp:2939.394,lot_size:0.05
2025-02-20 07:07:01.847139,XAUUSD,BUY,price:2938.387,sl:2937.387,tp:2940.387,lot_size:0.05
2025-02-20 07:07:07.284439,XAUUSD,BUY,price:2938.35,sl:2937.35,tp:2940.35,lot_size:0.05
2025-02-20 07:07:12.643257,XAUUSD,BUY,price:2938.665,sl:2937.665,tp:2940.665,lot_size:0.05
2025-02-20 07:07:17.995260,XAUUSD,BUY,price:2938.503,sl:2937.503,tp:2940.503,lot_size:0.05
2025-02-20 07:07:23.335043,XAUUSD,BUY,price:2938.372,sl:2937.372,tp:2940.372,lot_size:0.05
2025-02-20 07:07:28.705888,XAUUSD,BUY,price:2938.365,sl:2937.365,tp:2940.365,lot_size:0.05
2025-02-20 07:07:34.164182,XAUUSD,BUY,price:2938.36,sl:2937.36,tp:2940.36,lot_size:0.05
2025-02-20 07:07:39.544827,XAUUSD,BUY,price:2938.195,sl:2937.195,tp:2940.195,lot_size:0.05
2025-02-20 07:07:44.900957,XAUUSD,BUY,price:2938.19,sl:2937.19,tp:2940.19,lot_size:0.05
2025-02-20 07:07:50.340940,XAUUSD,BUY,price:2938.211,sl:2937.211,tp:2940.211,lot_size:0.05
2025-02-20 07:07:55.758401,XAUUSD,BUY,price:2938.348,sl:2937.348,tp:2940.348,lot_size:0.05
2025-02-20 07:08:01.114892,XAUUSD,BUY,price:2938.36,sl:2937.36,tp:2940.36,lot_size:0.05
2025-02-20 07:08:06.586505,XAUUSD,BUY,price:2938.468,sl:2937.468,tp:2940.468,lot_size:0.05
2025-02-20 07:08:11.955594,XAUUSD,BUY,price:2938.372,sl:2937.372,tp:2940.372,lot_size:0.05
2025-02-20 07:08:17.297644,XAUUSD,BUY,price:2938.497,sl:2937.497,tp:2940.497,lot_size:0.05
2025-02-20 07:08:22.657106,XAUUSD,BUY,price:2938.582,sl:2937.582,tp:2940.582,lot_size:0.05
2025-02-20 07:08:28.029979,XAUUSD,BUY,price:2938.733,sl:2937.733,tp:2940.733,lot_size:0.05
2025-02-20 07:08:33.456557,XAUUSD,BUY,price:2938.557,sl:2937.557,tp:2940.557,lot_size:0.05
2025-02-20 07:08:38.818654,XAUUSD,BUY,price:2938.805,sl:2937.805,tp:2940.805,lot_size:0.05
2025-02-20 07:08:44.178471,XAUUSD,BUY,price:2938.954,sl:2937.954,tp:2940.954,lot_size:0.05
2025-02-20 07:08:49.617944,XAUUSD,BUY,price:2939.378,sl:2938.378,tp:2941.378,lot_size:0.05
2025-02-20 07:08:55.049202,XAUUSD,BUY,price:2939.338,sl:2938.338,tp:2941.338,lot_size:0.05
2025-02-20 07:09:00.416521,XAUUSD,BUY,price:2939.76,sl:2938.76,tp:2941.76,lot_size:0.05
2025-02-20 07:09:05.857434,XAUUSD,BUY,price:2940.16,sl:2939.16,tp:2942.16,lot_size:0.05
2025-02-20 07:09:11.233155,XAUUSD,BUY,price:2939.966,sl:2938.966,tp:2941.966,lot_size:0.05
2025-02-20 07:09:16.577738,XAUUSD,BUY,price:2939.95,sl:2938.95,tp:2941.95,lot_size:0.05
2025-02-20 07:09:21.914339,XAUUSD,BUY,price:2939.928,sl:2938.928,tp:2941.928,lot_size:0.05
2025-02-20 07:09:27.288695,XAUUSD,BUY,price:2940.186,sl:2939.186,tp:2942.186,lot_size:0.05
2025-02-20 07:09:32.726528,XAUUSD,BUY,price:2939.971,sl:2938.971,tp:2941.971,lot_size:0.05
2025-02-20 07:09:38.102540,XAUUSD,BUY,price:2940.004,sl:2939.004,tp:2942.004,lot_size:0.05
2025-02-20 07:09:43.460067,XAUUSD,BUY,price:2940.086,sl:2939.086,tp:2942.086,lot_size:0.05
2025-02-20 07:09:48.958913,XAUUSD,BUY,price:2939.948,sl:2938.948,tp:2941.948,lot_size:0.05
2025-02-20 07:09:54.340008,XAUUSD,BUY,price:2939.88,sl:2938.88,tp:2941.88,lot_size:0.05
2025-02-20 07:33:02.405594,XAUUSD,BUY,price:2940.57,sl:2939.57,tp:2942.57,lot_size:0.05
2025-02-20 07:33:07.781635,XAUUSD,BUY,price:2940.666,sl:2939.666,tp:2942.666,lot_size:0.05
2025-02-20 07:33:13.189380,XAUUSD,BUY,price:2940.615,sl:2939.615,tp:2942.615,lot_size:0.05
2025-02-20 07:33:18.551793,XAUUSD,BUY,price:2940.628,sl:2939.628,tp:2942.628,lot_size:0.05
2025-02-20 07:33:23.893955,XAUUSD,BUY,price:2940.596,sl:2939.596,tp:2942.596,lot_size:0.05
2025-02-20 07:33:29.355503,XAUUSD,BUY,price:2940.622,sl:2939.622,tp:2942.622,lot_size:0.05
2025-02-20 07:33:34.761560,XAUUSD,BUY,price:2940.584,sl:2939.584,tp:2942.584,lot_size:0.05
2025-02-20 07:33:40.101516,XAUUSD,BUY,price:2940.565,sl:2939.565,tp:2942.565,lot_size:0.05
2025-02-20 07:33:45.544428,XAUUSD,BUY,price:2940.497,sl:2939.497,tp:2942.497,lot_size:0.05
2025-02-20 07:33:50.924467,XAUUSD,BUY,price:2940.519,sl:2939.519,tp:2942.519,lot_size:0.05
2025-02-20 07:44:00.502248,XAUUSD,BUY,price:2941.296,sl:2940.296,tp:2943.296,lot_size:0.05
2025-02-20 07:44:05.866827,XAUUSD,BUY,price:2941.003,sl:2940.003,tp:2943.003,lot_size:0.05
2025-02-20 08:29:03.800481,XAUUSD,SELL,price:2938.283,sl:2939.283,tp:2936.283,lot_size:0.05
2025-02-20 08:29:09.248978,XAUUSD,SELL,price:2937.905,sl:2938.905,tp:2935.905,lot_size:0.05
2025-02-20 08:29:14.607374,XAUUSD,SELL,price:2937.306,sl:2938.306,tp:2935.306,lot_size:0.05
2025-02-20 08:29:19.987491,XAUUSD,SELL,price:2937.538,sl:2938.538,tp:2935.538,lot_size:0.05
2025-02-20 08:29:25.344569,XAUUSD,SELL,price:2937.388,sl:2938.388,tp:2935.388,lot_size:0.05
2025-02-20 08:29:30.698482,XAUUSD,SELL,price:2937.222,sl:2938.222,tp:2935.222,lot_size:0.05
2025-02-20 08:29:36.112643,XAUUSD,SELL,price:2936.909,sl:2937.909,tp:2934.909,lot_size:0.05
2025-02-20 08:29:41.481782,XAUUSD,SELL,price:2937.177,sl:2938.177,tp:2935.177,lot_size:0.05
2025-02-20 08:29:46.852306,XAUUSD,SELL,price:2936.988,sl:2937.988,tp:2934.988,lot_size:0.05
2025-02-20 08:29:52.267387,XAUUSD,SELL,price:2936.851,sl:2937.851,tp:2934.851,lot_size:0.05
2025-02-20 08:29:57.691663,XAUUSD,SELL,price:2936.686,sl:2937.686,tp:2934.686,lot_size:0.05
2025-02-20 08:30:03.047887,XAUUSD,SELL,price:2936.522,sl:2937.522,tp:2934.522,lot_size:0.05
2025-02-20 08:30:08.499279,XAUUSD,SELL,price:2936.308,sl:2937.308,tp:2934.308,lot_size:0.05
2025-02-20 08:30:13.844286,XAUUSD,SELL,price:2936.561,sl:2937.561,tp:2934.561,lot_size:0.05
2025-02-20 08:30:19.221068,XAUUSD,SELL,price:2936.645,sl:2937.645,tp:2934.645,lot_size:0.05
2025-02-20 08:30:24.574586,XAUUSD,SELL,price:2936.638,sl:2937.638,tp:2934.638,lot_size:0.05
2025-02-20 08:30:29.915771,XAUUSD,SELL,price:2936.928,sl:2937.928,tp:2934.928,lot_size:0.05
2025-02-20 08:30:35.339828,XAUUSD,SELL,price:2936.645,sl:2937.645,tp:2934.645,lot_size:0.05
2025-02-20 08:30:40.705258,XAUUSD,SELL,price:2936.439,sl:2937.439,tp:2934.439,lot_size:0.05
2025-02-20 08:30:46.046863,XAUUSD,SELL,price:2936.367,sl:2937.367,tp:2934.367,lot_size:0.05
2025-02-20 08:30:51.498088,XAUUSD,SELL,price:2936.538,sl:2937.538,tp:2934.538,lot_size:0.05
2025-02-20 08:30:56.925135,XAUUSD,SELL,price:2935.81,sl:2936.81,tp:2933.81,lot_size:0.05
2025-02-20 08:31:02.306583,XAUUSD,SELL,price:2935.687,sl:2936.687,tp:2933.687,lot_size:0.05
2025-02-20 08:31:07.746376,XAUUSD,SELL,price:2935.868,sl:2936.868,tp:2933.868,lot_size:0.05
2025-02-20 08:31:13.095150,XAUUSD,SELL,price:2936.126,sl:2937.126,tp:2934.126,lot_size:0.05
2025-02-20 08:31:18.442007,XAUUSD,SELL,price:2936.097,sl:2937.097,tp:2934.097,lot_size:0.05
2025-02-20 08:31:23.821508,XAUUSD,SELL,price:2935.675,sl:2936.675,tp:2933.675,lot_size:0.05
2025-02-20 08:31:29.191870,XAUUSD,SELL,price:2935.938,sl:2936.938,tp:2933.938,lot_size:0.05
2025-02-20 08:31:34.587592,XAUUSD,SELL,price:2935.985,sl:2936.985,tp:2933.985,lot_size:0.05
2025-02-20 08:31:39.947652,XAUUSD,SELL,price:2936.342,sl:2937.342,tp:2934.342,lot_size:0.05
2025-02-20 08:31:45.306434,XAUUSD,SELL,price:2936.581,sl:2937.581,tp:2934.581,lot_size:0.05
2025-02-20 08:31:50.747611,XAUUSD,SELL,price:2936.711,sl:2937.711,tp:2934.711,lot_size:0.05
2025-02-20 08:31:56.123093,XAUUSD,SELL,price:2936.513,sl:2937.513,tp:2934.513,lot_size:0.05
2025-02-20 08:36:03.471633,XAUUSD,SELL,price:2935.207,sl:2936.207,tp:2933.207,lot_size:0.05
2025-02-20 08:36:08.825555,XAUUSD,SELL,price:2935.338,sl:2936.338,tp:2933.338,lot_size:0.05
2025-02-20 08:36:14.179804,XAUUSD,SELL,price:2935.464,sl:2936.464,tp:2933.464,lot_size:0.05
2025-02-20 08:36:19.532262,XAUUSD,SELL,price:2935.258,sl:2936.258,tp:2933.258,lot_size:0.05
2025-02-20 08:36:24.896445,XAUUSD,SELL,price:2935.226,sl:2936.226,tp:2933.226,lot_size:0.05
2025-02-20 08:36:30.306230,XAUUSD,SELL,price:2935.346,sl:2936.346,tp:2933.346,lot_size:0.05
2025-02-20 08:36:35.665962,XAUUSD,SELL,price:2934.942,sl:2935.942,tp:2932.942,lot_size:0.05
2025-02-20 08:36:41.032540,XAUUSD,SELL,price:2935.012,sl:2936.012,tp:2933.012,lot_size:0.05
2025-02-20 08:36:46.490476,XAUUSD,SELL,price:2934.799,sl:2935.799,tp:2932.799,lot_size:0.05
2025-02-20 08:36:51.894033,XAUUSD,SELL,price:2935.154,sl:2936.154,tp:2933.154,lot_size:0.05
2025-02-20 08:36:57.257429,XAUUSD,SELL,price:2934.99,sl:2935.99,tp:2932.99,lot_size:0.05
2025-02-20 09:08:01.313927,XAUUSD,SELL,price:2934.67,sl:2935.67,tp:2932.67,lot_size:0.05
2025-02-20 09:08:06.749923,XAUUSD,SELL,price:2934.656,sl:2935.656,tp:2932.656,lot_size:0.05
2025-02-20 09:08:12.243207,XAUUSD,SELL,price:2934.649,sl:2935.649,tp:2932.649,lot_size:0.05
2025-02-20 09:08:17.749650,XAUUSD,SELL,price:2934.609,sl:2935.609,tp:2932.609,lot_size:0.05
2025-02-20 09:08:23.168323,XAUUSD,SELL,price:2934.829,sl:2935.829,tp:2932.829,lot_size:0.05
2025-02-20 09:08:28.663996,XAUUSD,SELL,price:2934.994,sl:2935.994,tp:2932.994,lot_size:0.05
2025-02-20 09:08:34.099327,XAUUSD,SELL,price:2934.991,sl:2935.991,tp:2932.991,lot_size:0.05
2025-02-20 09:08:39.600145,XAUUSD,SELL,price:2934.924,sl:2935.924,tp:2932.924,lot_size:0.05
2025-02-20 09:08:45.111103,XAUUSD,SELL,price:2934.833,sl:2935.833,tp:2932.833,lot_size:0.05
2025-02-20 09:08:50.535415,XAUUSD,SELL,price:2934.708,sl:2935.708,tp:2932.708,lot_size:0.05
2025-02-20 09:08:56.013149,XAUUSD,SELL,price:2934.227,sl:2935.227,tp:2932.227,lot_size:0.05
2025-02-20 09:09:01.474118,XAUUSD,SELL,price:2934.145,sl:2935.145,tp:2932.145,lot_size:0.05
2025-02-20 09:09:06.922886,XAUUSD,SELL,price:2934.199,sl:2935.199,tp:2932.199,lot_size:0.05
2025-02-20 09:09:12.270656,XAUUSD,SELL,price:2934.1,sl:2935.1,tp:2932.1,lot_size:0.05
2025-02-20 09:09:17.673896,XAUUSD,SELL,price:2934.324,sl:2935.324,tp:2932.324,lot_size:0.05
2025-02-20 09:21:04.298568,XAUUSD,BUY,price:2938.086,sl:2937.086,tp:2940.086,lot_size:0.05
2025-02-20 09:21:09.818471,XAUUSD,BUY,price:2937.955,sl:2936.955,tp:2939.955,lot_size:0.05
2025-02-20 09:21:15.321543,XAUUSD,BUY,price:2938.169,sl:2937.169,tp:2940.169,lot_size:0.05
2025-02-20 09:21:20.927821,XAUUSD,BUY,price:2937.661,sl:2936.661,tp:2939.661,lot_size:0.05
2025-02-20 09:21:26.428546,XAUUSD,BUY,price:2937.665,sl:2936.665,tp:2939.665,lot_size:0.05
2025-02-20 09:21:31.921721,XAUUSD,BUY,price:2937.541,sl:2936.541,tp:2939.541,lot_size:0.05
2025-02-20 09:21:37.439926,XAUUSD,BUY,price:2937.602,sl:2936.602,tp:2939.602,lot_size:0.05
2025-02-20 09:21:42.921729,XAUUSD,BUY,price:2937.78,sl:2936.78,tp:2939.78,lot_size:0.05
2025-02-20 09:21:48.419410,XAUUSD,BUY,price:2937.637,sl:2936.637,tp:2939.637,lot_size:0.05
2025-02-20 09:21:53.912397,XAUUSD,BUY,price:2938.233,sl:2937.233,tp:2940.233,lot_size:0.05
2025-02-20 09:21:59.421658,XAUUSD,BUY,price:2938.31,sl:2937.31,tp:2940.31,lot_size:0.05
2025-02-20 09:22:05.004153,XAUUSD,BUY,price:2938.213,sl:2937.213,tp:2940.213,lot_size:0.05
2025-02-20 09:22:10.449599,XAUUSD,BUY,price:2938.32,sl:2937.32,tp:2940.32,lot_size:0.05
2025-02-20 09:22:15.917323,XAUUSD,BUY,price:2938.357,sl:2937.357,tp:2940.357,lot_size:0.05
2025-02-20 09:22:21.467959,XAUUSD,BUY,price:2938.292,sl:2937.292,tp:2940.292,lot_size:0.05
2025-02-20 09:22:26.927969,XAUUSD,BUY,price:2938.349,sl:2937.349,tp:2940.349,lot_size:0.05
2025-02-20 09:22:53.676850,XAUUSD,BUY,price:2938.143,sl:2937.143,tp:2940.143,lot_size:0.05
2025-02-20 09:22:59.126038,XAUUSD,BUY,price:2938.196,sl:2937.196,tp:2940.196,lot_size:0.05
2025-02-20 09:26:00.623685,XAUUSD,BUY,price:2939.019,sl:2938.019,tp:2941.019,lot_size:0.05
2025-02-20 09:26:06.070752,XAUUSD,BUY,price:2938.907,sl:2937.907,tp:2940.907,lot_size:0.05
2025-02-20 09:26:11.492971,XAUUSD,BUY,price:2938.981,sl:2937.981,tp:2940.981,lot_size:0.05
2025-02-20 09:26:16.942536,XAUUSD,BUY,price:2939.107,sl:2938.107,tp:2941.107,lot_size:0.05
2025-02-20 09:26:22.348562,XAUUSD,BUY,price:2939.294,sl:2938.294,tp:2941.294,lot_size:0.05
2025-02-20 09:26:27.778770,XAUUSD,BUY,price:2939.248,sl:2938.248,tp:2941.248,lot_size:0.05
2025-02-20 09:26:33.207947,XAUUSD,BUY,price:2939.085,sl:2938.085,tp:2941.085,lot_size:0.05
2025-02-20 09:26:38.623082,XAUUSD,BUY,price:2939.183,sl:2938.183,tp:2941.183,lot_size:0.05
2025-02-20 09:26:44.045976,XAUUSD,BUY,price:2939.186,sl:2938.186,tp:2941.186,lot_size:0.05
2025-02-20 09:26:49.495776,XAUUSD,BUY,price:2939.131,sl:2938.131,tp:2941.131,lot_size:0.05
2025-02-20 09:26:54.911705,XAUUSD,BUY,price:2939.162,sl:2938.162,tp:2941.162,lot_size:0.05
2025-02-20 09:27:00.337187,XAUUSD,BUY,price:2939.152,sl:2938.152,tp:2941.152,lot_size:0.05
2025-02-20 09:27:05.778295,XAUUSD,BUY,price:2939.069,sl:2938.069,tp:2941.069,lot_size:0.05
2025-02-20 09:27:11.193307,XAUUSD,BUY,price:2939.081,sl:2938.081,tp:2941.081,lot_size:0.05
2025-02-20 09:27:16.614574,XAUUSD,BUY,price:2939.207,sl:2938.207,tp:2941.207,lot_size:0.05
2025-02-20 09:27:22.048549,XAUUSD,BUY,price:2939.198,sl:2938.198,tp:2941.198,lot_size:0.05
2025-02-20 09:49:59.823145,XAUUSD,BUY,price:2939.256,sl:2938.256,tp:2941.256,lot_size:0.05
2025-02-20 09:50:05.276498,XAUUSD,BUY,price:2939.883,sl:2938.883,tp:2941.883,lot_size:0.05
2025-02-20 09:50:10.710780,XAUUSD,BUY,price:2939.995,sl:2938.995,tp:2941.995,lot_size:0.05
2025-02-20 09:50:16.141153,XAUUSD,BUY,price:2940.264,sl:2939.264,tp:2942.264,lot_size:0.05
2025-02-20 09:50:21.609787,XAUUSD,BUY,price:2940.279,sl:2939.279,tp:2942.279,lot_size:0.05
2025-02-20 09:50:27.050813,XAUUSD,BUY,price:2940.395,sl:2939.395,tp:2942.395,lot_size:0.05
2025-02-20 09:50:32.525224,XAUUSD,BUY,price:2940.432,sl:2939.432,tp:2942.432,lot_size:0.05
2025-02-20 09:50:38.030598,XAUUSD,BUY,price:2940.683,sl:2939.683,tp:2942.683,lot_size:0.05
2025-02-20 09:50:43.608640,XAUUSD,BUY,price:2940.632,sl:2939.632,tp:2942.632,lot_size:0.05
2025-02-20 09:50:48.983778,XAUUSD,BUY,price:2940.539,sl:2939.539,tp:2942.539,lot_size:0.05
2025-02-20 09:50:54.377889,XAUUSD,BUY,price:2940.716,sl:2939.716,tp:2942.716,lot_size:0.05
2025-02-20 09:50:59.794488,XAUUSD,BUY,price:2940.634,sl:2939.634,tp:2942.634,lot_size:0.05
2025-02-20 09:51:05.138224,XAUUSD,BUY,price:2940.763,sl:2939.763,tp:2942.763,lot_size:0.05
2025-02-20 09:51:10.476205,XAUUSD,BUY,price:2940.876,sl:2939.876,tp:2942.876,lot_size:0.05
2025-02-20 09:51:15.865588,XAUUSD,BUY,price:2940.927,sl:2939.927,tp:2942.927,lot_size:0.05
2025-02-20 09:51:21.211488,XAUUSD,BUY,price:2940.91,sl:2939.91,tp:2942.91,lot_size:0.05
2025-02-20 09:51:26.561194,XAUUSD,BUY,price:2940.652,sl:2939.652,tp:2942.652,lot_size:0.05
2025-02-20 09:51:31.902487,XAUUSD,BUY,price:2940.769,sl:2939.769,tp:2942.769,lot_size:0.05
2025-02-20 09:51:37.250159,XAUUSD,BUY,price:2940.584,sl:2939.584,tp:2942.584,lot_size:0.05
2025-02-20 09:51:42.590787,XAUUSD,BUY,price:2940.65,sl:2939.65,tp:2942.65,lot_size:0.05
2025-02-20 09:51:47.977529,XAUUSD,BUY,price:2940.83,sl:2939.83,tp:2942.83,lot_size:0.05
2025-02-20 09:51:53.332722,XAUUSD,BUY,price:2940.905,sl:2939.905,tp:2942.905,lot_size:0.05
2025-02-20 09:51:58.658203,XAUUSD,BUY,price:2940.874,sl:2939.874,tp:2942.874,lot_size:0.05
2025-02-20 09:52:03.981757,XAUUSD,BUY,price:2940.936,sl:2939.936,tp:2942.936,lot_size:0.05
2025-02-20 09:52:09.330493,XAUUSD,BUY,price:2940.995,sl:2939.995,tp:2942.995,lot_size:0.05
2025-02-20 09:52:14.712578,XAUUSD,BUY,price:2941.095,sl:2940.095,tp:2943.095,lot_size:0.05
2025-02-20 09:52:20.107516,XAUUSD,BUY,price:2941.009,sl:2940.009,tp:2943.009,lot_size:0.05
2025-02-20 09:52:25.434503,XAUUSD,BUY,price:2941.204,sl:2940.204,tp:2943.204,lot_size:0.05
2025-02-20 09:52:30.792188,XAUUSD,BUY,price:2940.994,sl:2939.994,tp:2942.994,lot_size:0.05
2025-02-20 09:52:36.131330,XAUUSD,BUY,price:2940.961,sl:2939.961,tp:2942.961,lot_size:0.05
2025-02-20 09:52:41.464811,XAUUSD,BUY,price:2940.928,sl:2939.928,tp:2942.928,lot_size:0.05
2025-02-20 09:52:46.814785,XAUUSD,BUY,price:2940.987,sl:2939.987,tp:2942.987,lot_size:0.05
2025-02-20 09:52:52.149292,XAUUSD,BUY,price:2940.858,sl:2939.858,tp:2942.858,lot_size:0.05
2025-02-20 10:03:03.209351,XAUUSD,BUY,price:2942.393,sl:2941.393,tp:2944.393,lot_size:0.05
2025-02-20 10:03:08.554798,XAUUSD,BUY,price:2942.247,sl:2941.247,tp:2944.247,lot_size:0.05
2025-02-20 10:03:13.895089,XAUUSD,BUY,price:2942.253,sl:2941.253,tp:2944.253,lot_size:0.05
2025-02-20 10:03:19.290999,XAUUSD,BUY,price:2942.295,sl:2941.295,tp:2944.295,lot_size:0.05
2025-02-20 10:03:24.643933,XAUUSD,BUY,price:2943.075,sl:2942.075,tp:2945.075,lot_size:0.05
2025-02-20 10:03:29.976201,XAUUSD,BUY,price:2942.905,sl:2941.905,tp:2944.905,lot_size:0.05
2025-02-20 10:03:35.323644,XAUUSD,BUY,price:2943.182,sl:2942.182,tp:2945.182,lot_size:0.05
2025-02-20 10:03:40.655361,XAUUSD,BUY,price:2942.889,sl:2941.889,tp:2944.889,lot_size:0.05
2025-02-20 10:03:45.988754,XAUUSD,BUY,price:2942.834,sl:2941.834,tp:2944.834,lot_size:0.05
2025-02-20 10:03:51.326829,XAUUSD,BUY,price:2942.761,sl:2941.761,tp:2944.761,lot_size:0.05
2025-02-20 10:03:56.670908,XAUUSD,BUY,price:2942.815,sl:2941.815,tp:2944.815,lot_size:0.05
2025-02-20 10:14:04.257872,XAUUSD,BUY,price:2943.772,sl:2942.772,tp:2945.772,lot_size:0.05
2025-02-20 10:14:09.638731,XAUUSD,BUY,price:2943.568,sl:2942.568,tp:2945.568,lot_size:0.05
2025-02-20 10:14:15.093202,XAUUSD,BUY,price:2943.54,sl:2942.54,tp:2945.54,lot_size:0.05
2025-02-20 10:14:20.533239,XAUUSD,BUY,price:2943.762,sl:2942.762,tp:2945.762,lot_size:0.05
2025-02-20 10:14:25.893400,XAUUSD,BUY,price:2943.694,sl:2942.694,tp:2945.694,lot_size:0.05
2025-02-20 10:14:31.299245,XAUUSD,BUY,price:2943.861,sl:2942.861,tp:2945.861,lot_size:0.05
2025-02-20 10:14:36.681529,XAUUSD,BUY,price:2943.852,sl:2942.852,tp:2945.852,lot_size:0.05
2025-02-20 10:14:42.034689,XAUUSD,BUY,price:2944.045,sl:2943.045,tp:2946.045,lot_size:0.05
2025-02-20 10:14:47.422454,XAUUSD,BUY,price:2943.917,sl:2942.917,tp:2945.917,lot_size:0.05
2025-02-20 10:14:52.786561,XAUUSD,BUY,price:2943.923,sl:2942.923,tp:2945.923,lot_size:0.05
2025-02-20 10:14:58.157096,XAUUSD,BUY,price:2943.82,sl:2942.82,tp:2945.82,lot_size:0.05
2025-02-20 10:35:59.906359,XAUUSD,SELL,price:2941.876,sl:2942.876,tp:2939.876,lot_size:0.05
2025-02-20 10:58:01.321911,XAUUSD,SELL,price:2941.154,sl:2942.154,tp:2939.154,lot_size:0.05
2025-02-20 10:58:06.865239,XAUUSD,SELL,price:2941.071,sl:2942.071,tp:2939.071,lot_size:0.05
2025-02-20 10:58:12.332946,XAUUSD,SELL,price:2940.955,sl:2941.955,tp:2938.955,lot_size:0.05
2025-02-20 10:58:17.860487,XAUUSD,SELL,price:2940.874,sl:2941.874,tp:2938.874,lot_size:0.05
2025-02-20 10:58:23.359255,XAUUSD,SELL,price:2940.721,sl:2941.721,tp:2938.721,lot_size:0.05
2025-02-20 10:58:28.835266,XAUUSD,SELL,price:2940.769,sl:2941.769,tp:2938.769,lot_size:0.05
2025-02-20 10:58:34.376407,XAUUSD,SELL,price:2940.7,sl:2941.7,tp:2938.7,lot_size:0.05
2025-02-20 10:58:39.816312,XAUUSD,SELL,price:2940.69,sl:2941.69,tp:2938.69,lot_size:0.05
2025-02-20 10:58:45.297494,XAUUSD,SELL,price:2940.698,sl:2941.698,tp:2938.698,lot_size:0.05
2025-02-20 10:58:50.788525,XAUUSD,SELL,price:2940.737,sl:2941.737,tp:2938.737,lot_size:0.05
2025-02-20 10:58:56.287585,XAUUSD,SELL,price:2940.868,sl:2941.868,tp:2938.868,lot_size:0.05
2025-02-20 10:59:01.781166,XAUUSD,SELL,price:2940.775,sl:2941.775,tp:2938.775,lot_size:0.05
2025-02-20 11:24:04.191457,XAUUSD,SELL,price:2940.012,sl:2941.012,tp:2938.012,lot_size:0.05
2025-02-20 11:34:00.580404,XAUUSD,SELL,price:2939.564,sl:2940.564,tp:2937.564,lot_size:0.05
2025-02-20 11:34:05.935305,XAUUSD,SELL,price:2939.616,sl:2940.616,tp:2937.616,lot_size:0.05
2025-02-20 11:34:11.285568,XAUUSD,SELL,price:2939.599,sl:2940.599,tp:2937.599,lot_size:0.05
2025-02-20 11:34:16.639780,XAUUSD,SELL,price:2939.464,sl:2940.464,tp:2937.464,lot_size:0.05
2025-02-20 11:34:43.403441,XAUUSD,SELL,price:2939.613,sl:2940.613,tp:2937.613,lot_size:0.05
2025-02-20 12:04:01.643218,XAUUSD,BUY,price:2942.296,sl:2941.296,tp:2944.296,lot_size:0.05
2025-02-20 12:04:07.120385,XAUUSD,BUY,price:2942.195,sl:2941.195,tp:2944.195,lot_size:0.05
2025-02-20 12:04:12.608973,XAUUSD,BUY,price:2942.046,sl:2941.046,tp:2944.046,lot_size:0.05
2025-02-20 12:04:18.028012,XAUUSD,BUY,price:2942.149,sl:2941.149,tp:2944.149,lot_size:0.05
2025-02-20 12:04:23.469573,XAUUSD,BUY,price:2942.203,sl:2941.203,tp:2944.203,lot_size:0.05
2025-02-20 12:04:28.913480,XAUUSD,BUY,price:2942.103,sl:2941.103,tp:2944.103,lot_size:0.05
2025-02-20 12:04:34.456776,XAUUSD,BUY,price:2942.369,sl:2941.369,tp:2944.369,lot_size:0.05
2025-02-20 12:04:39.943301,XAUUSD,BUY,price:2942.408,sl:2941.408,tp:2944.408,lot_size:0.05
2025-02-20 12:04:45.442721,XAUUSD,BUY,price:2942.485,sl:2941.485,tp:2944.485,lot_size:0.05
2025-02-20 12:04:50.978305,XAUUSD,BUY,price:2942.545,sl:2941.545,tp:2944.545,lot_size:0.05
2025-02-20 12:04:56.521446,XAUUSD,BUY,price:2942.522,sl:2941.522,tp:2944.522,lot_size:0.05
2025-02-20 12:05:02.002877,XAUUSD,BUY,price:2942.52,sl:2941.52,tp:2944.52,lot_size:0.05
2025-02-20 12:05:07.485262,XAUUSD,BUY,price:2942.363,sl:2941.363,tp:2944.363,lot_size:0.05
2025-02-20 12:05:12.954189,XAUUSD,BUY,price:2942.751,sl:2941.751,tp:2944.751,lot_size:0.05
2025-02-20 12:05:18.440332,XAUUSD,BUY,price:2942.833,sl:2941.833,tp:2944.833,lot_size:0.05
2025-02-20 12:05:23.931530,XAUUSD,BUY,price:2942.79,sl:2941.79,tp:2944.79,lot_size:0.05
2025-02-20 12:05:29.370595,XAUUSD,BUY,price:2942.828,sl:2941.828,tp:2944.828,lot_size:0.05
2025-02-20 12:05:34.875563,XAUUSD,BUY,price:2942.879,sl:2941.879,tp:2944.879,lot_size:0.05
2025-02-20 12:05:40.367847,XAUUSD,BUY,price:2942.701,sl:2941.701,tp:2944.701,lot_size:0.05
2025-02-20 12:05:45.879537,XAUUSD,BUY,price:2942.567,sl:2941.567,tp:2944.567,lot_size:0.05
2025-02-20 12:05:51.365839,XAUUSD,BUY,price:2942.636,sl:2941.636,tp:2944.636,lot_size:0.05
2025-02-20 12:05:56.821514,XAUUSD,BUY,price:2942.587,sl:2941.587,tp:2944.587,lot_size:0.05
2025-02-20 12:07:59.533367,XAUUSD,BUY,price:2943.006,sl:2942.006,tp:2945.006,lot_size:0.05
2025-02-20 12:08:05.033585,XAUUSD,BUY,price:2943.01,sl:2942.01,tp:2945.01,lot_size:0.05
2025-02-20 12:08:15.819740,XAUUSD,BUY,price:2943.004,sl:2942.004,tp:2945.004,lot_size:0.05
2025-02-20 12:08:21.410267,XAUUSD,BUY,price:2943.101,sl:2942.101,tp:2945.101,lot_size:0.05
2025-02-20 12:08:26.924072,XAUUSD,BUY,price:2943.111,sl:2942.111,tp:2945.111,lot_size:0.05
2025-02-20 12:08:32.372975,XAUUSD,BUY,price:2943.15,sl:2942.15,tp:2945.15,lot_size:0.05
2025-02-20 12:08:37.896123,XAUUSD,BUY,price:2943.128,sl:2942.128,tp:2945.128,lot_size:0.05
2025-02-20 12:08:43.410290,XAUUSD,BUY,price:2942.975,sl:2941.975,tp:2944.975,lot_size:0.05
2025-02-20 12:08:48.905923,XAUUSD,BUY,price:2943.128,sl:2942.128,tp:2945.128,lot_size:0.05
2025-02-20 12:08:54.390487,XAUUSD,BUY,price:2943.166,sl:2942.166,tp:2945.166,lot_size:0.05
2025-02-20 12:08:59.895307,XAUUSD,BUY,price:2943.271,sl:2942.271,tp:2945.271,lot_size:0.05
2025-02-20 12:09:05.314273,XAUUSD,BUY,price:2943.198,sl:2942.198,tp:2945.198,lot_size:0.05
2025-02-20 12:09:10.773891,XAUUSD,BUY,price:2943.117,sl:2942.117,tp:2945.117,lot_size:0.05
2025-02-20 12:09:32.182498,XAUUSD,BUY,price:2943.154,sl:2942.154,tp:2945.154,lot_size:0.05
2025-02-20 12:09:37.598867,XAUUSD,BUY,price:2943.104,sl:2942.104,tp:2945.104,lot_size:0.05
2025-02-20 12:09:43.083723,XAUUSD,BUY,price:2943.137,sl:2942.137,tp:2945.137,lot_size:0.05
2025-02-20 12:09:48.585386,XAUUSD,BUY,price:2943.099,sl:2942.099,tp:2945.099,lot_size:0.05
2025-02-20 12:17:00.952417,XAUUSD,BUY,price:2943.791,sl:2942.791,tp:2945.791,lot_size:0.05
2025-02-20 12:17:06.500930,XAUUSD,BUY,price:2943.707,sl:2942.707,tp:2945.707,lot_size:0.05
2025-02-20 12:17:11.956505,XAUUSD,BUY,price:2943.653,sl:2942.653,tp:2945.653,lot_size:0.05
2025-02-20 12:17:17.429974,XAUUSD,BUY,price:2943.636,sl:2942.636,tp:2945.636,lot_size:0.05
2025-02-20 12:17:22.925531,XAUUSD,BUY,price:2943.63,sl:2942.63,tp:2945.63,lot_size:0.05
2025-02-20 12:17:28.358290,XAUUSD,BUY,price:2943.757,sl:2942.757,tp:2945.757,lot_size:0.05
2025-02-20 12:17:33.773889,XAUUSD,BUY,price:2943.682,sl:2942.682,tp:2945.682,lot_size:0.05
2025-02-20 12:17:39.251006,XAUUSD,BUY,price:2943.689,sl:2942.689,tp:2945.689,lot_size:0.05
2025-02-20 12:17:44.679656,XAUUSD,BUY,price:2943.678,sl:2942.678,tp:2945.678,lot_size:0.05
2025-02-20 12:17:50.175589,XAUUSD,BUY,price:2943.719,sl:2942.719,tp:2945.719,lot_size:0.05
2025-02-20 12:17:55.657506,XAUUSD,BUY,price:2943.798,sl:2942.798,tp:2945.798,lot_size:0.05
2025-02-20 12:20:03.674723,XAUUSD,BUY,price:2944.049,sl:2943.049,tp:2946.049,lot_size:0.05
2025-02-20 12:20:14.428657,XAUUSD,BUY,price:2944.035,sl:2943.035,tp:2946.035,lot_size:0.05
2025-02-20 12:20:25.252386,XAUUSD,BUY,price:2944.479,sl:2943.479,tp:2946.479,lot_size:0.05
2025-02-20 12:20:30.777757,XAUUSD,BUY,price:2944.565,sl:2943.565,tp:2946.565,lot_size:0.05
2025-02-20 12:20:36.220897,XAUUSD,BUY,price:2944.916,sl:2943.916,tp:2946.916,lot_size:0.05
2025-02-20 12:20:41.628564,XAUUSD,BUY,price:2945.051,sl:2944.051,tp:2947.051,lot_size:0.05
2025-02-20 12:20:47.079004,XAUUSD,BUY,price:2945.136,sl:2944.136,tp:2947.136,lot_size:0.05
2025-02-20 12:20:52.572498,XAUUSD,BUY,price:2945.006,sl:2944.006,tp:2947.006,lot_size:0.05
2025-02-20 12:20:58.061210,XAUUSD,BUY,price:2945.166,sl:2944.166,tp:2947.166,lot_size:0.05
2025-02-20 12:21:03.543804,XAUUSD,BUY,price:2945.034,sl:2944.034,tp:2947.034,lot_size:0.05
2025-02-20 12:21:09.029501,XAUUSD,BUY,price:2944.997,sl:2943.997,tp:2946.997,lot_size:0.05
2025-02-20 12:21:14.493558,XAUUSD,BUY,price:2944.999,sl:2943.999,tp:2946.999,lot_size:0.05
2025-02-20 12:21:19.957212,XAUUSD,BUY,price:2945.0,sl:2944.0,tp:2947.0,lot_size:0.05
2025-02-20 12:21:25.422383,XAUUSD,BUY,price:2944.94,sl:2943.94,tp:2946.94,lot_size:0.05
2025-02-20 12:21:30.930431,XAUUSD,BUY,price:2944.943,sl:2943.943,tp:2946.943,lot_size:0.05
2025-02-20 12:21:36.379152,XAUUSD,BUY,price:2944.901,sl:2943.901,tp:2946.901,lot_size:0.05
2025-02-20 12:21:41.877091,XAUUSD,BUY,price:2944.919,sl:2943.919,tp:2946.919,lot_size:0.05
2025-02-20 12:21:47.337721,XAUUSD,BUY,price:2944.853,sl:2943.853,tp:2946.853,lot_size:0.05
2025-02-20 12:21:52.876453,XAUUSD,BUY,price:2944.702,sl:2943.702,tp:2946.702,lot_size:0.05
2025-02-20 12:21:58.400714,XAUUSD,BUY,price:2944.851,sl:2943.851,tp:2946.851,lot_size:0.05
2025-02-20 12:56:03.712512,XAUUSD,BUY,price:2945.9,sl:2944.9,tp:2947.9,lot_size:0.05
2025-02-20 12:56:09.126718,XAUUSD,BUY,price:2945.996,sl:2944.996,tp:2947.996,lot_size:0.05
2025-02-20 12:56:14.568712,XAUUSD,BUY,price:2945.972,sl:2944.972,tp:2947.972,lot_size:0.05
2025-02-20 12:56:20.033712,XAUUSD,BUY,price:2945.843,sl:2944.843,tp:2947.843,lot_size:0.05
2025-02-20 12:56:25.536792,XAUUSD,BUY,price:2946.021,sl:2945.021,tp:2948.021,lot_size:0.05
2025-02-20 12:56:31.004580,XAUUSD,BUY,price:2945.907,sl:2944.907,tp:2947.907,lot_size:0.05
2025-02-20 12:56:36.407945,XAUUSD,BUY,price:2945.923,sl:2944.923,tp:2947.923,lot_size:0.05
2025-02-20 12:56:41.855070,XAUUSD,BUY,price:2945.983,sl:2944.983,tp:2947.983,lot_size:0.05
2025-02-20 12:56:47.318212,XAUUSD,BUY,price:2945.848,sl:2944.848,tp:2947.848,lot_size:0.05
2025-02-20 12:56:52.731538,XAUUSD,BUY,price:2945.852,sl:2944.852,tp:2947.852,lot_size:0.05
2025-02-20 12:56:58.200843,XAUUSD,BUY,price:2945.861,sl:2944.861,tp:2947.861,lot_size:0.05
2025-02-20 12:59:00.659988,XAUUSD,BUY,price:2946.615,sl:2945.615,tp:2948.615,lot_size:0.05
2025-02-20 12:59:06.087121,XAUUSD,BUY,price:2946.509,sl:2945.509,tp:2948.509,lot_size:0.05
2025-02-20 12:59:11.526455,XAUUSD,BUY,price:2946.877,sl:2945.877,tp:2948.877,lot_size:0.05
2025-02-20 12:59:16.951711,XAUUSD,BUY,price:2946.822,sl:2945.822,tp:2948.822,lot_size:0.05
2025-02-20 12:59:22.392938,XAUUSD,BUY,price:2946.587,sl:2945.587,tp:2948.587,lot_size:0.05
2025-02-20 12:59:27.872283,XAUUSD,BUY,price:2946.763,sl:2945.763,tp:2948.763,lot_size:0.05
2025-02-20 12:59:33.305367,XAUUSD,BUY,price:2946.895,sl:2945.895,tp:2948.895,lot_size:0.05
2025-02-20 12:59:38.789654,XAUUSD,BUY,price:2946.88,sl:2945.88,tp:2948.88,lot_size:0.05
2025-02-20 12:59:44.219390,XAUUSD,BUY,price:2946.853,sl:2945.853,tp:2948.853,lot_size:0.05
2025-02-20 12:59:49.647180,XAUUSD,BUY,price:2946.813,sl:2945.813,tp:2948.813,lot_size:0.05
2025-02-20 12:59:55.340987,XAUUSD,BUY,price:2946.928,sl:2945.928,tp:2948.928,lot_size:0.05
2025-02-20 13:00:00.771462,XAUUSD,BUY,price:2946.881,sl:2945.881,tp:2948.881,lot_size:0.05
2025-02-20 13:00:43.366884,XAUUSD,BUY,price:2946.498,sl:2945.498,tp:2948.498,lot_size:0.05
2025-02-20 13:00:54.108509,XAUUSD,BUY,price:2946.581,sl:2945.581,tp:2948.581,lot_size:0.05
2025-02-20 13:31:59.422973,XAUUSD,BUY,price:2947.09,sl:2946.09,tp:2949.09,lot_size:0.05
2025-02-20 13:36:00.402687,XAUUSD,SELL,price:2944.455,sl:2945.455,tp:2942.455,lot_size:0.05
2025-02-20 13:36:05.809835,XAUUSD,SELL,price:2944.423,sl:2945.423,tp:2942.423,lot_size:0.05
2025-02-20 13:36:11.267974,XAUUSD,SELL,price:2944.466,sl:2945.466,tp:2942.466,lot_size:0.05
2025-02-20 13:36:16.714223,XAUUSD,SELL,price:2944.366,sl:2945.366,tp:2942.366,lot_size:0.05
2025-02-20 13:36:22.124398,XAUUSD,SELL,price:2944.158,sl:2945.158,tp:2942.158,lot_size:0.05
2025-02-20 13:36:27.533648,XAUUSD,SELL,price:2943.948,sl:2944.948,tp:2941.948,lot_size:0.05
2025-02-20 13:36:33.027111,XAUUSD,SELL,price:2944.019,sl:2945.019,tp:2942.019,lot_size:0.05
2025-02-20 13:36:38.536483,XAUUSD,SELL,price:2944.611,sl:2945.611,tp:2942.611,lot_size:0.05
2025-02-20 13:36:43.986160,XAUUSD,SELL,price:2944.684,sl:2945.684,tp:2942.684,lot_size:0.05
2025-02-20 13:36:49.432545,XAUUSD,SELL,price:2944.855,sl:2945.855,tp:2942.855,lot_size:0.05
2025-02-20 13:36:54.918375,XAUUSD,SELL,price:2944.793,sl:2945.793,tp:2942.793,lot_size:0.05
2025-02-20 13:54:59.133081,XAUUSD,BUY,price:2948.576,sl:2947.576,tp:2950.576,lot_size:0.05
2025-02-20 13:55:04.566739,XAUUSD,BUY,price:2948.274,sl:2947.274,tp:2950.274,lot_size:0.05
2025-02-20 13:55:10.020081,XAUUSD,BUY,price:2948.244,sl:2947.244,tp:2950.244,lot_size:0.05
2025-02-20 13:55:15.503609,XAUUSD,BUY,price:2948.595,sl:2947.595,tp:2950.595,lot_size:0.05
2025-02-20 13:55:20.914715,XAUUSD,BUY,price:2948.47,sl:2947.47,tp:2950.47,lot_size:0.05
2025-02-20 13:55:26.399166,XAUUSD,BUY,price:2948.466,sl:2947.466,tp:2950.466,lot_size:0.05
2025-02-20 13:55:31.856401,XAUUSD,BUY,price:2948.414,sl:2947.414,tp:2950.414,lot_size:0.05
2025-02-20 13:55:37.311640,XAUUSD,BUY,price:2948.5,sl:2947.5,tp:2950.5,lot_size:0.05
2025-02-20 13:55:42.757307,XAUUSD,BUY,price:2948.554,sl:2947.554,tp:2950.554,lot_size:0.05
2025-02-20 13:55:48.190371,XAUUSD,BUY,price:2948.703,sl:2947.703,tp:2950.703,lot_size:0.05
2025-02-20 13:55:53.595202,XAUUSD,BUY,price:2948.358,sl:2947.358,tp:2950.358,lot_size:0.05
2025-02-20 13:55:59.010625,XAUUSD,BUY,price:2948.554,sl:2947.554,tp:2950.554,lot_size:0.05
2025-02-20 14:29:03.683818,XAUUSD,BUY,price:2949.492,sl:2948.492,tp:2951.492,lot_size:0.05
2025-02-20 14:29:09.168504,XAUUSD,BUY,price:2949.455,sl:2948.455,tp:2951.455,lot_size:0.05
2025-02-20 14:29:14.580082,XAUUSD,BUY,price:2949.312,sl:2948.312,tp:2951.312,lot_size:0.05
2025-02-20 14:33:03.477809,XAUUSD,BUY,price:2949.799,sl:2948.799,tp:2951.799,lot_size:0.05
2025-02-20 14:33:09.012056,XAUUSD,BUY,price:2949.611,sl:2948.611,tp:2951.611,lot_size:0.05
2025-02-20 14:33:14.415727,XAUUSD,BUY,price:2949.621,sl:2948.621,tp:2951.621,lot_size:0.05
2025-02-20 14:33:19.870112,XAUUSD,BUY,price:2949.927,sl:2948.927,tp:2951.927,lot_size:0.05
2025-02-20 14:33:25.288492,XAUUSD,BUY,price:2949.932,sl:2948.932,tp:2951.932,lot_size:0.05
2025-02-20 14:33:30.750598,XAUUSD,BUY,price:2950.073,sl:2949.073,tp:2952.073,lot_size:0.05
2025-02-20 14:33:36.237218,XAUUSD,BUY,price:2950.152,sl:2949.152,tp:2952.152,lot_size:0.05
2025-02-20 14:33:41.646015,XAUUSD,BUY,price:2950.494,sl:2949.494,tp:2952.494,lot_size:0.05
2025-02-20 14:33:47.129072,XAUUSD,BUY,price:2950.534,sl:2949.534,tp:2952.534,lot_size:0.05
2025-02-20 14:33:52.493225,XAUUSD,BUY,price:2950.573,sl:2949.573,tp:2952.573,lot_size:0.05
2025-02-20 14:33:57.917926,XAUUSD,BUY,price:2950.704,sl:2949.704,tp:2952.704,lot_size:0.05
2025-02-20 14:34:03.337631,XAUUSD,BUY,price:2950.707,sl:2949.707,tp:2952.707,lot_size:0.05
2025-02-20 14:34:08.703164,XAUUSD,BUY,price:2950.671,sl:2949.671,tp:2952.671,lot_size:0.05
2025-02-20 14:34:14.073959,XAUUSD,BUY,price:2950.703,sl:2949.703,tp:2952.703,lot_size:0.05
2025-02-20 14:34:19.602722,XAUUSD,BUY,price:2950.488,sl:2949.488,tp:2952.488,lot_size:0.05
2025-02-20 14:34:24.946849,XAUUSD,BUY,price:2950.501,sl:2949.501,tp:2952.501,lot_size:0.05
2025-02-20 14:34:30.272327,XAUUSD,BUY,price:2950.515,sl:2949.515,tp:2952.515,lot_size:0.05
2025-02-20 14:34:35.615095,XAUUSD,BUY,price:2950.607,sl:2949.607,tp:2952.607,lot_size:0.05
2025-02-20 14:34:40.945488,XAUUSD,BUY,price:2950.612,sl:2949.612,tp:2952.612,lot_size:0.05
2025-02-20 14:34:46.302224,XAUUSD,BUY,price:2950.781,sl:2949.781,tp:2952.781,lot_size:0.05
2025-02-20 14:34:51.625052,XAUUSD,BUY,price:2950.717,sl:2949.717,tp:2952.717,lot_size:0.05
2025-02-20 14:34:56.951542,XAUUSD,BUY,price:2950.826,sl:2949.826,tp:2952.826,lot_size:0.05
2025-02-20 14:37:01.937184,XAUUSD,BUY,price:2951.532,sl:2950.532,tp:2953.532,lot_size:0.05
2025-02-20 14:37:07.339841,XAUUSD,BUY,price:2954.068,sl:2953.068,tp:2956.068,lot_size:0.05
2025-02-20 14:37:12.677654,XAUUSD,BUY,price:2953.363,sl:2952.363,tp:2955.363,lot_size:0.05
2025-02-20 14:37:18.009946,XAUUSD,BUY,price:2953.187,sl:2952.187,tp:2955.187,lot_size:0.05
2025-02-20 14:37:23.332371,XAUUSD,BUY,price:2952.557,sl:2951.557,tp:2954.557,lot_size:0.05
2025-02-20 14:37:28.667082,XAUUSD,BUY,price:2952.679,sl:2951.679,tp:2954.679,lot_size:0.05
2025-02-20 14:37:34.004224,XAUUSD,BUY,price:2952.692,sl:2951.692,tp:2954.692,lot_size:0.05
2025-02-20 14:37:39.346659,XAUUSD,BUY,price:2953.005,sl:2952.005,tp:2955.005,lot_size:0.05
2025-02-20 14:37:44.680261,XAUUSD,BUY,price:2953.158,sl:2952.158,tp:2955.158,lot_size:0.05
2025-02-20 14:37:50.008755,XAUUSD,BUY,price:2953.038,sl:2952.038,tp:2955.038,lot_size:0.05
2025-02-20 14:37:55.335165,XAUUSD,BUY,price:2952.86,sl:2951.86,tp:2954.86,lot_size:0.05
2025-02-20 14:38:00.679307,XAUUSD,BUY,price:2952.591,sl:2951.591,tp:2954.591,lot_size:0.05
2025-02-20 14:38:06.024163,XAUUSD,BUY,price:2952.661,sl:2951.661,tp:2954.661,lot_size:0.05
2025-02-20 14:38:11.349074,XAUUSD,BUY,price:2952.495,sl:2951.495,tp:2954.495,lot_size:0.05
2025-02-20 14:38:16.687396,XAUUSD,BUY,price:2952.163,sl:2951.163,tp:2954.163,lot_size:0.05
2025-02-20 14:38:22.012895,XAUUSD,BUY,price:2952.136,sl:2951.136,tp:2954.136,lot_size:0.05
2025-02-20 14:38:27.359081,XAUUSD,BUY,price:2952.165,sl:2951.165,tp:2954.165,lot_size:0.05
2025-02-20 14:38:32.699420,XAUUSD,BUY,price:2952.126,sl:2951.126,tp:2954.126,lot_size:0.05
2025-02-20 14:46:00.460751,XAUUSD,SELL,price:2947.673,sl:2948.673,tp:2945.673,lot_size:0.05
2025-02-20 14:46:05.782578,XAUUSD,SELL,price:2947.76,sl:2948.76,tp:2945.76,lot_size:0.05
2025-02-20 14:46:11.116384,XAUUSD,SELL,price:2947.703,sl:2948.703,tp:2945.703,lot_size:0.05
2025-02-20 14:46:16.474627,XAUUSD,SELL,price:2947.387,sl:2948.387,tp:2945.387,lot_size:0.05
2025-02-20 14:46:21.795976,XAUUSD,SELL,price:2947.484,sl:2948.484,tp:2945.484,lot_size:0.05
2025-02-20 14:46:27.116340,XAUUSD,SELL,price:2947.281,sl:2948.281,tp:2945.281,lot_size:0.05
2025-02-20 14:46:32.455539,XAUUSD,SELL,price:2947.528,sl:2948.528,tp:2945.528,lot_size:0.05
2025-02-20 14:46:37.832561,XAUUSD,SELL,price:2947.615,sl:2948.615,tp:2945.615,lot_size:0.05
2025-02-20 14:46:43.182402,XAUUSD,SELL,price:2947.539,sl:2948.539,tp:2945.539,lot_size:0.05
2025-02-20 14:46:48.522904,XAUUSD,SELL,price:2947.5,sl:2948.5,tp:2945.5,lot_size:0.05
2025-02-20 14:46:53.862058,XAUUSD,SELL,price:2947.419,sl:2948.419,tp:2945.419,lot_size:0.05
2025-02-20 14:46:59.199227,XAUUSD,SELL,price:2947.481,sl:2948.481,tp:2945.481,lot_size:0.05
2025-02-20 14:47:04.543132,XAUUSD,SELL,price:2947.378,sl:2948.378,tp:2945.378,lot_size:0.05
2025-02-20 14:47:09.877612,XAUUSD,SELL,price:2947.361,sl:2948.361,tp:2945.361,lot_size:0.05
2025-02-20 15:03:02.704400,XAUUSD,BUY,price:2951.484,sl:2950.484,tp:2953.484,lot_size:0.05
2025-02-20 15:03:08.044176,XAUUSD,BUY,price:2951.412,sl:2950.412,tp:2953.412,lot_size:0.05
2025-02-20 15:03:13.387264,XAUUSD,BUY,price:2951.789,sl:2950.789,tp:2953.789,lot_size:0.05
2025-02-20 15:03:18.717261,XAUUSD,BUY,price:2951.783,sl:2950.783,tp:2953.783,lot_size:0.05
2025-02-20 15:03:24.069344,XAUUSD,BUY,price:2951.633,sl:2950.633,tp:2953.633,lot_size:0.05
2025-02-20 15:03:29.385132,XAUUSD,BUY,price:2951.645,sl:2950.645,tp:2953.645,lot_size:0.05
2025-02-20 15:03:34.697934,XAUUSD,BUY,price:2951.899,sl:2950.899,tp:2953.899,lot_size:0.05
2025-02-20 15:03:40.020762,XAUUSD,BUY,price:2951.896,sl:2950.896,tp:2953.896,lot_size:0.05
2025-02-20 15:03:45.360178,XAUUSD,BUY,price:2951.901,sl:2950.901,tp:2953.901,lot_size:0.05
2025-02-20 15:03:50.730780,XAUUSD,BUY,price:2951.916,sl:2950.916,tp:2953.916,lot_size:0.05
2025-02-20 15:03:56.060710,XAUUSD,BUY,price:2951.962,sl:2950.962,tp:2953.962,lot_size:0.05
2025-02-20 15:04:01.401894,XAUUSD,BUY,price:2951.831,sl:2950.831,tp:2953.831,lot_size:0.05
2025-02-20 15:04:06.738637,XAUUSD,BUY,price:2951.905,sl:2950.905,tp:2953.905,lot_size:0.05
2025-02-20 15:04:12.064939,XAUUSD,BUY,price:2952.004,sl:2951.004,tp:2954.004,lot_size:0.05
2025-02-20 15:04:17.401100,XAUUSD,BUY,price:2952.321,sl:2951.321,tp:2954.321,lot_size:0.05
2025-02-20 15:04:22.745436,XAUUSD,BUY,price:2952.33,sl:2951.33,tp:2954.33,lot_size:0.05
2025-02-20 15:04:28.091828,XAUUSD,BUY,price:2952.323,sl:2951.323,tp:2954.323,lot_size:0.05
2025-02-20 15:04:33.419808,XAUUSD,BUY,price:2952.411,sl:2951.411,tp:2954.411,lot_size:0.05
2025-02-20 15:04:38.752461,XAUUSD,BUY,price:2952.363,sl:2951.363,tp:2954.363,lot_size:0.05
2025-02-20 15:04:44.079362,XAUUSD,BUY,price:2952.873,sl:2951.873,tp:2954.873,lot_size:0.05
2025-02-20 15:04:49.416969,XAUUSD,BUY,price:2952.839,sl:2951.839,tp:2954.839,lot_size:0.05
2025-02-20 15:04:54.743761,XAUUSD,BUY,price:2952.965,sl:2951.965,tp:2954.965,lot_size:0.05
2025-02-20 15:05:00.058657,XAUUSD,BUY,price:2953.191,sl:2952.191,tp:2955.191,lot_size:0.05
2025-02-20 15:05:05.398273,XAUUSD,BUY,price:2953.397,sl:2952.397,tp:2955.397,lot_size:0.05
2025-02-20 15:05:10.725914,XAUUSD,BUY,price:2953.028,sl:2952.028,tp:2955.028,lot_size:0.05
2025-02-20 15:05:16.073711,XAUUSD,BUY,price:2952.784,sl:2951.784,tp:2954.784,lot_size:0.05
2025-02-20 15:05:21.401548,XAUUSD,BUY,price:2952.974,sl:2951.974,tp:2954.974,lot_size:0.05
2025-02-20 15:05:26.730911,XAUUSD,BUY,price:2953.152,sl:2952.152,tp:2955.152,lot_size:0.05
2025-02-20 15:05:32.053171,XAUUSD,BUY,price:2953.545,sl:2952.545,tp:2955.545,lot_size:0.05
2025-02-20 15:05:37.392064,XAUUSD,BUY,price:2953.556,sl:2952.556,tp:2955.556,lot_size:0.05
2025-02-20 15:05:42.707065,XAUUSD,BUY,price:2953.605,sl:2952.605,tp:2955.605,lot_size:0.05
2025-02-20 15:05:48.040681,XAUUSD,BUY,price:2953.603,sl:2952.603,tp:2955.603,lot_size:0.05
2025-02-20 15:05:53.408107,XAUUSD,BUY,price:2953.518,sl:2952.518,tp:2955.518,lot_size:0.05
2025-02-20 15:05:58.748131,XAUUSD,BUY,price:2953.551,sl:2952.551,tp:2955.551,lot_size:0.05
2025-02-20 15:06:04.086427,XAUUSD,BUY,price:2953.399,sl:2952.399,tp:2955.399,lot_size:0.05
2025-02-20 15:06:09.414182,XAUUSD,BUY,price:2953.291,sl:2952.291,tp:2955.291,lot_size:0.05
2025-02-20 15:06:14.754320,XAUUSD,BUY,price:2953.398,sl:2952.398,tp:2955.398,lot_size:0.05
2025-02-20 15:06:20.077287,XAUUSD,BUY,price:2953.328,sl:2952.328,tp:2955.328,lot_size:0.05
2025-02-20 15:06:25.412297,XAUUSD,BUY,price:2953.322,sl:2952.322,tp:2955.322,lot_size:0.05
2025-02-20 15:06:30.777972,XAUUSD,BUY,price:2953.517,sl:2952.517,tp:2955.517,lot_size:0.05
2025-02-20 15:06:36.128585,XAUUSD,BUY,price:2953.313,sl:2952.313,tp:2955.313,lot_size:0.05
2025-02-20 15:06:41.471910,XAUUSD,BUY,price:2953.358,sl:2952.358,tp:2955.358,lot_size:0.05
2025-02-20 15:06:46.803318,XAUUSD,BUY,price:2953.851,sl:2952.851,tp:2955.851,lot_size:0.05
2025-02-20 15:06:52.137880,XAUUSD,BUY,price:2954.022,sl:2953.022,tp:2956.022,lot_size:0.05
2025-02-20 15:06:57.470682,XAUUSD,BUY,price:2954.262,sl:2953.262,tp:2956.262,lot_size:0.05
2025-02-20 15:07:02.813035,XAUUSD,BUY,price:2954.204,sl:2953.204,tp:2956.204,lot_size:0.05
2025-02-20 15:07:08.148786,XAUUSD,BUY,price:2954.158,sl:2953.158,tp:2956.158,lot_size:0.05
2025-02-20 15:07:13.495769,XAUUSD,BUY,price:2954.105,sl:2953.105,tp:2956.105,lot_size:0.05
2025-02-20 15:07:18.817992,XAUUSD,BUY,price:2954.092,sl:2953.092,tp:2956.092,lot_size:0.05
2025-02-20 15:07:24.162152,XAUUSD,BUY,price:2954.014,sl:2953.014,tp:2956.014,lot_size:0.05
2025-02-20 15:07:29.490280,XAUUSD,BUY,price:2954.059,sl:2953.059,tp:2956.059,lot_size:0.05
2025-02-20 15:07:34.829127,XAUUSD,BUY,price:2953.919,sl:2952.919,tp:2955.919,lot_size:0.05
2025-02-20 15:07:40.168218,XAUUSD,BUY,price:2954.013,sl:2953.013,tp:2956.013,lot_size:0.05
2025-02-20 15:07:45.485589,XAUUSD,BUY,price:2954.088,sl:2953.088,tp:2956.088,lot_size:0.05
2025-02-20 15:07:50.852172,XAUUSD,BUY,price:2954.137,sl:2953.137,tp:2956.137,lot_size:0.05
2025-02-20 15:07:56.192846,XAUUSD,BUY,price:2954.068,sl:2953.068,tp:2956.068,lot_size:0.05
2025-02-20 15:16:00.673643,XAUUSD,BUY,price:2954.759,sl:2953.759,tp:2956.759,lot_size:0.05
2025-02-20 15:16:06.016145,XAUUSD,BUY,price:2954.749,sl:2953.749,tp:2956.749,lot_size:0.05
2025-02-20 15:16:11.375322,XAUUSD,BUY,price:2954.739,sl:2953.739,tp:2956.739,lot_size:0.05
2025-02-20 15:16:21.919070,XAUUSD,BUY,price:2954.716,sl:2953.716,tp:2956.716,lot_size:0.05
2025-02-20 15:16:27.261527,XAUUSD,BUY,price:2954.725,sl:2953.725,tp:2956.725,lot_size:0.05
2025-02-20 15:16:32.594645,XAUUSD,BUY,price:2954.747,sl:2953.747,tp:2956.747,lot_size:0.05
2025-02-20 15:16:37.943463,XAUUSD,BUY,price:2954.745,sl:2953.745,tp:2956.745,lot_size:0.05
2025-02-20 15:16:43.290706,XAUUSD,BUY,price:2954.699,sl:2953.699,tp:2956.699,lot_size:0.05
2025-02-20 15:16:48.638138,XAUUSD,BUY,price:2954.74,sl:2953.74,tp:2956.74,lot_size:0.05
2025-02-20 15:16:53.974314,XAUUSD,BUY,price:2954.811,sl:2953.811,tp:2956.811,lot_size:0.05
2025-02-20 15:16:59.310377,XAUUSD,BUY,price:2954.775,sl:2953.775,tp:2956.775,lot_size:0.05
2025-02-20 15:28:01.824501,XAUUSD,SELL,price:2953.206,sl:2954.206,tp:2951.206,lot_size:0.05
2025-02-20 15:28:07.161732,XAUUSD,SELL,price:2953.091,sl:2954.091,tp:2951.091,lot_size:0.05
2025-02-20 15:28:12.497782,XAUUSD,SELL,price:2952.935,sl:2953.935,tp:2950.935,lot_size:0.05
2025-02-20 15:28:17.842294,XAUUSD,SELL,price:2953.069,sl:2954.069,tp:2951.069,lot_size:0.05
2025-02-20 15:28:23.164421,XAUUSD,SELL,price:2953.091,sl:2954.091,tp:2951.091,lot_size:0.05
2025-02-20 15:28:28.502325,XAUUSD,SELL,price:2953.193,sl:2954.193,tp:2951.193,lot_size:0.05
2025-02-20 15:28:44.274542,XAUUSD,SELL,price:2953.222,sl:2954.222,tp:2951.222,lot_size:0.05
2025-02-20 15:28:54.799062,XAUUSD,SELL,price:2953.164,sl:2954.164,tp:2951.164,lot_size:0.05
2025-02-20 15:52:02.043469,XAUUSD,SELL,price:2952.358,sl:2953.358,tp:2950.358,lot_size:0.05
2025-02-20 15:52:07.402080,XAUUSD,SELL,price:2952.473,sl:2953.473,tp:2950.473,lot_size:0.05
2025-02-20 15:52:12.755279,XAUUSD,SELL,price:2952.304,sl:2953.304,tp:2950.304,lot_size:0.05
2025-02-20 15:52:18.112847,XAUUSD,SELL,price:2952.3,sl:2953.3,tp:2950.3,lot_size:0.05
2025-02-20 15:52:23.457593,XAUUSD,SELL,price:2952.557,sl:2953.557,tp:2950.557,lot_size:0.05
2025-02-20 15:52:28.805293,XAUUSD,SELL,price:2952.516,sl:2953.516,tp:2950.516,lot_size:0.05
2025-02-20 15:52:34.152834,XAUUSD,SELL,price:2952.805,sl:2953.805,tp:2950.805,lot_size:0.05
2025-02-20 16:27:01.960719,XAUUSD,SELL,price:2953.115,sl:2954.115,tp:2951.115,lot_size:0.05
2025-02-20 16:27:07.329869,XAUUSD,SELL,price:2953.202,sl:2954.202,tp:2951.202,lot_size:0.05
2025-02-20 16:27:12.695649,XAUUSD,SELL,price:2953.066,sl:2954.066,tp:2951.066,lot_size:0.05
2025-02-20 16:27:18.059214,XAUUSD,SELL,price:2952.934,sl:2953.934,tp:2950.934,lot_size:0.05
2025-02-20 16:27:23.495538,XAUUSD,SELL,price:2953.022,sl:2954.022,tp:2951.022,lot_size:0.05
2025-02-20 16:27:28.958195,XAUUSD,SELL,price:2953.17,sl:2954.17,tp:2951.17,lot_size:0.05
2025-02-20 16:27:34.328683,XAUUSD,SELL,price:2953.111,sl:2954.111,tp:2951.111,lot_size:0.05
2025-02-20 16:27:39.681693,XAUUSD,SELL,price:2953.127,sl:2954.127,tp:2951.127,lot_size:0.05
2025-02-20 16:27:45.023395,XAUUSD,SELL,price:2953.086,sl:2954.086,tp:2951.086,lot_size:0.05
2025-02-20 16:27:50.372538,XAUUSD,SELL,price:2953.047,sl:2954.047,tp:2951.047,lot_size:0.05
2025-02-20 16:27:55.725330,XAUUSD,SELL,price:2952.81,sl:2953.81,tp:2950.81,lot_size:0.05
2025-02-20 16:30:59.071681,XAUUSD,SELL,price:2952.434,sl:2953.434,tp:2950.434,lot_size:0.05
2025-02-20 16:31:04.417381,XAUUSD,SELL,price:2952.46,sl:2953.46,tp:2950.46,lot_size:0.05
2025-02-20 16:31:09.770588,XAUUSD,SELL,price:2952.274,sl:2953.274,tp:2950.274,lot_size:0.05
2025-02-20 16:34:02.331095,XAUUSD,SELL,price:2951.813,sl:2952.813,tp:2949.813,lot_size:0.05
2025-02-20 16:34:07.733431,XAUUSD,SELL,price:2951.759,sl:2952.759,tp:2949.759,lot_size:0.05
2025-02-20 16:34:13.116636,XAUUSD,SELL,price:2951.781,sl:2952.781,tp:2949.781,lot_size:0.05
2025-02-20 16:34:44.582016,XAUUSD,SELL,price:2951.948,sl:2952.948,tp:2949.948,lot_size:0.05
2025-02-20 16:39:00.765282,XAUUSD,SELL,price:2950.908,sl:2951.908,tp:2948.908,lot_size:0.05
2025-02-20 16:39:06.097285,XAUUSD,SELL,price:2951.035,sl:2952.035,tp:2949.035,lot_size:0.05
2025-02-20 16:39:11.475189,XAUUSD,SELL,price:2950.947,sl:2951.947,tp:2948.947,lot_size:0.05
2025-02-20 16:39:16.831023,XAUUSD,SELL,price:2950.957,sl:2951.957,tp:2948.957,lot_size:0.05
2025-02-20 16:39:22.172998,XAUUSD,SELL,price:2951.009,sl:2952.009,tp:2949.009,lot_size:0.05
2025-02-20 16:39:27.526227,XAUUSD,SELL,price:2950.77,sl:2951.77,tp:2948.77,lot_size:0.05
2025-02-20 16:39:32.863501,XAUUSD,SELL,price:2950.876,sl:2951.876,tp:2948.876,lot_size:0.05
2025-02-20 16:39:38.212856,XAUUSD,SELL,price:2950.938,sl:2951.938,tp:2948.938,lot_size:0.05
2025-02-20 16:39:43.571119,XAUUSD,SELL,price:2950.878,sl:2951.878,tp:2948.878,lot_size:0.05
2025-02-20 16:39:48.914696,XAUUSD,SELL,price:2950.709,sl:2951.709,tp:2948.709,lot_size:0.05
2025-02-20 16:39:54.258678,XAUUSD,SELL,price:2950.808,sl:2951.808,tp:2948.808,lot_size:0.05
2025-02-20 16:39:59.604524,XAUUSD,SELL,price:2950.858,sl:2951.858,tp:2948.858,lot_size:0.05
2025-02-20 16:40:46.675561,XAUUSD,SELL,price:2950.745,sl:2951.745,tp:2948.745,lot_size:0.05
2025-02-20 16:40:52.004421,XAUUSD,SELL,price:2950.814,sl:2951.814,tp:2948.814,lot_size:0.05
2025-02-20 16:42:00.202158,XAUUSD,SELL,price:2950.06,sl:2951.06,tp:2948.06,lot_size:0.05
2025-02-20 16:42:05.545199,XAUUSD,SELL,price:2950.449,sl:2951.449,tp:2948.449,lot_size:0.05
2025-02-20 16:42:10.912682,XAUUSD,SELL,price:2950.216,sl:2951.216,tp:2948.216,lot_size:0.05
2025-02-20 16:42:16.260888,XAUUSD,SELL,price:2950.363,sl:2951.363,tp:2948.363,lot_size:0.05
2025-02-20 16:42:21.595710,XAUUSD,SELL,price:2950.206,sl:2951.206,tp:2948.206,lot_size:0.05
2025-02-20 16:42:26.946190,XAUUSD,SELL,price:2950.16,sl:2951.16,tp:2948.16,lot_size:0.05
2025-02-20 16:42:32.298685,XAUUSD,SELL,price:2950.163,sl:2951.163,tp:2948.163,lot_size:0.05
2025-02-20 16:42:37.652743,XAUUSD,SELL,price:2950.159,sl:2951.159,tp:2948.159,lot_size:0.05
2025-02-20 16:42:43.014209,XAUUSD,SELL,price:2950.352,sl:2951.352,tp:2948.352,lot_size:0.05
2025-02-20 16:42:48.352736,XAUUSD,SELL,price:2950.445,sl:2951.445,tp:2948.445,lot_size:0.05
2025-02-20 16:42:53.701229,XAUUSD,SELL,price:2950.608,sl:2951.608,tp:2948.608,lot_size:0.05
2025-02-20 16:55:58.954617,XAUUSD,BUY,price:2952.549,sl:2951.549,tp:2954.549,lot_size:0.05
2025-02-20 16:56:04.294758,XAUUSD,BUY,price:2952.495,sl:2951.495,tp:2954.495,lot_size:0.05
2025-02-20 16:56:14.887583,XAUUSD,BUY,price:2952.431,sl:2951.431,tp:2954.431,lot_size:0.05
2025-02-20 16:56:20.237398,XAUUSD,BUY,price:2952.379,sl:2951.379,tp:2954.379,lot_size:0.05
2025-02-20 16:56:30.837857,XAUUSD,BUY,price:2952.681,sl:2951.681,tp:2954.681,lot_size:0.05
2025-02-20 16:56:36.189297,XAUUSD,BUY,price:2952.738,sl:2951.738,tp:2954.738,lot_size:0.05
2025-02-20 16:56:41.528420,XAUUSD,BUY,price:2952.733,sl:2951.733,tp:2954.733,lot_size:0.05
2025-02-20 16:56:46.879342,XAUUSD,BUY,price:2952.868,sl:2951.868,tp:2954.868,lot_size:0.05
2025-02-20 16:56:52.303358,XAUUSD,BUY,price:2952.837,sl:2951.837,tp:2954.837,lot_size:0.05
2025-02-20 16:56:57.649729,XAUUSD,BUY,price:2952.598,sl:2951.598,tp:2954.598,lot_size:0.05
2025-02-20 17:13:03.248683,XAUUSD,BUY,price:2954.198,sl:2953.198,tp:2956.198,lot_size:0.05
2025-02-20 17:13:08.585109,XAUUSD,BUY,price:2954.265,sl:2953.265,tp:2956.265,lot_size:0.05
2025-02-20 17:13:13.934784,XAUUSD,BUY,price:2954.181,sl:2953.181,tp:2956.181,lot_size:0.05
2025-02-20 17:13:19.290608,XAUUSD,BUY,price:2954.266,sl:2953.266,tp:2956.266,lot_size:0.05
2025-02-20 17:13:24.626994,XAUUSD,BUY,price:2954.3,sl:2953.3,tp:2956.3,lot_size:0.05
2025-02-20 17:13:29.967351,XAUUSD,BUY,price:2954.14,sl:2953.14,tp:2956.14,lot_size:0.05
2025-02-20 17:13:35.365030,XAUUSD,BUY,price:2954.153,sl:2953.153,tp:2956.153,lot_size:0.05
2025-02-20 17:13:40.709278,XAUUSD,BUY,price:2954.045,sl:2953.045,tp:2956.045,lot_size:0.05
2025-02-20 17:13:46.040336,XAUUSD,BUY,price:2954.148,sl:2953.148,tp:2956.148,lot_size:0.05
2025-02-20 17:13:51.385500,XAUUSD,BUY,price:2954.215,sl:2953.215,tp:2956.215,lot_size:0.05
2025-02-20 17:13:56.780880,XAUUSD,BUY,price:2954.196,sl:2953.196,tp:2956.196,lot_size:0.05
2025-02-20 17:14:07.427831,XAUUSD,BUY,price:2954.216,sl:2953.216,tp:2956.216,lot_size:0.05
2025-02-20 17:14:12.806957,XAUUSD,BUY,price:2954.3,sl:2953.3,tp:2956.3,lot_size:0.05
2025-02-20 17:14:23.435602,XAUUSD,BUY,price:2954.288,sl:2953.288,tp:2956.288,lot_size:0.05
2025-02-20 17:14:28.768870,XAUUSD,BUY,price:2954.253,sl:2953.253,tp:2956.253,lot_size:0.05
2025-02-20 17:14:49.721439,XAUUSD,BUY,price:2954.272,sl:2953.272,tp:2956.272,lot_size:0.05
2025-02-20 17:25:00.152851,XAUUSD,BUY,price:2954.899,sl:2953.899,tp:2956.899,lot_size:0.05
2025-02-20 17:25:05.487172,XAUUSD,BUY,price:2954.88,sl:2953.88,tp:2956.88,lot_size:0.05
2025-02-20 17:25:31.732418,XAUUSD,BUY,price:2954.687,sl:2953.687,tp:2956.687,lot_size:0.05
2025-02-20 17:25:37.078569,XAUUSD,BUY,price:2954.825,sl:2953.825,tp:2956.825,lot_size:0.05
2025-02-20 17:25:47.674331,XAUUSD,BUY,price:2954.618,sl:2953.618,tp:2956.618,lot_size:0.05
2025-02-20 17:42:03.524653,XAUUSD,SELL,price:2949.987,sl:2950.987,tp:2947.987,lot_size:0.05
2025-02-20 17:42:08.918086,XAUUSD,SELL,price:2950.118,sl:2951.118,tp:2948.118,lot_size:0.05
2025-02-20 17:42:14.276046,XAUUSD,SELL,price:2949.994,sl:2950.994,tp:2947.994,lot_size:0.05
2025-02-20 17:42:19.657178,XAUUSD,SELL,price:2949.913,sl:2950.913,tp:2947.913,lot_size:0.05
2025-02-20 17:42:25.007883,XAUUSD,SELL,price:2949.791,sl:2950.791,tp:2947.791,lot_size:0.05
2025-02-20 17:42:30.355353,XAUUSD,SELL,price:2949.937,sl:2950.937,tp:2947.937,lot_size:0.05
2025-02-20 17:42:35.679121,XAUUSD,SELL,price:2949.637,sl:2950.637,tp:2947.637,lot_size:0.05
2025-02-20 17:42:41.018161,XAUUSD,SELL,price:2949.743,sl:2950.743,tp:2947.743,lot_size:0.05
2025-02-20 17:42:46.346561,XAUUSD,SELL,price:2949.746,sl:2950.746,tp:2947.746,lot_size:0.05
2025-02-20 17:42:51.669650,XAUUSD,SELL,price:2950.071,sl:2951.071,tp:2948.071,lot_size:0.05
2025-02-20 17:42:56.995183,XAUUSD,SELL,price:2950.161,sl:2951.161,tp:2948.161,lot_size:0.05
2025-02-20 18:19:01.310020,XAUUSD,SELL,price:2949.757,sl:2950.757,tp:2947.757,lot_size:0.05
2025-02-20 18:19:06.720697,XAUUSD,SELL,price:2949.646,sl:2950.646,tp:2947.646,lot_size:0.05
2025-02-20 18:19:12.116899,XAUUSD,SELL,price:2949.685,sl:2950.685,tp:2947.685,lot_size:0.05
2025-02-20 18:19:17.528333,XAUUSD,SELL,price:2949.903,sl:2950.903,tp:2947.903,lot_size:0.05
2025-02-20 18:19:23.005362,XAUUSD,SELL,price:2949.757,sl:2950.757,tp:2947.757,lot_size:0.05
2025-02-20 18:19:28.529065,XAUUSD,SELL,price:2949.59,sl:2950.59,tp:2947.59,lot_size:0.05
2025-02-20 18:19:33.942191,XAUUSD,SELL,price:2949.61,sl:2950.61,tp:2947.61,lot_size:0.05
2025-02-20 18:19:39.341988,XAUUSD,SELL,price:2949.752,sl:2950.752,tp:2947.752,lot_size:0.05
2025-02-20 18:19:44.787329,XAUUSD,SELL,price:2949.782,sl:2950.782,tp:2947.782,lot_size:0.05
2025-02-20 18:19:50.200840,XAUUSD,SELL,price:2949.767,sl:2950.767,tp:2947.767,lot_size:0.05
2025-02-20 18:19:55.579107,XAUUSD,SELL,price:2949.958,sl:2950.958,tp:2947.958,lot_size:0.05
2025-02-20 18:20:01.000969,XAUUSD,SELL,price:2949.753,sl:2950.753,tp:2947.753,lot_size:0.05
2025-02-20 18:20:06.491259,XAUUSD,SELL,price:2949.686,sl:2950.686,tp:2947.686,lot_size:0.05
2025-02-20 18:31:01.297918,XAUUSD,BUY,price:2952.367,sl:2951.367,tp:2954.367,lot_size:0.05
2025-02-20 18:31:06.751130,XAUUSD,BUY,price:2952.177,sl:2951.177,tp:2954.177,lot_size:0.05
2025-02-20 18:31:12.209301,XAUUSD,BUY,price:2952.186,sl:2951.186,tp:2954.186,lot_size:0.05
2025-02-20 18:31:17.718039,XAUUSD,BUY,price:2952.078,sl:2951.078,tp:2954.078,lot_size:0.05
2025-02-20 18:31:23.129389,XAUUSD,BUY,price:2952.14,sl:2951.14,tp:2954.14,lot_size:0.05
2025-02-20 18:31:28.552450,XAUUSD,BUY,price:2952.249,sl:2951.249,tp:2954.249,lot_size:0.05
2025-02-20 18:46:00.645997,XAUUSD,SELL,price:2947.573,sl:2948.573,tp:2945.573,lot_size:0.05
2025-02-20 18:46:06.110674,XAUUSD,SELL,price:2948.0,sl:2949.0,tp:2946.0,lot_size:0.05
2025-02-20 18:46:11.541076,XAUUSD,SELL,price:2948.2,sl:2949.2,tp:2946.2,lot_size:0.05
2025-02-20 18:46:17.027117,XAUUSD,SELL,price:2948.166,sl:2949.166,tp:2946.166,lot_size:0.05
2025-02-20 18:46:22.440496,XAUUSD,SELL,price:2948.188,sl:2949.188,tp:2946.188,lot_size:0.05
2025-02-20 18:46:27.903585,XAUUSD,SELL,price:2948.206,sl:2949.206,tp:2946.206,lot_size:0.05
2025-02-20 18:46:33.369202,XAUUSD,SELL,price:2948.244,sl:2949.244,tp:2946.244,lot_size:0.05
2025-02-20 18:46:38.811104,XAUUSD,SELL,price:2948.666,sl:2949.666,tp:2946.666,lot_size:0.05
2025-02-20 18:46:44.330772,XAUUSD,SELL,price:2948.892,sl:2949.892,tp:2946.892,lot_size:0.05
2025-02-20 18:46:49.816442,XAUUSD,SELL,price:2948.866,sl:2949.866,tp:2946.866,lot_size:0.05
2025-02-20 18:46:55.221241,XAUUSD,SELL,price:2948.801,sl:2949.801,tp:2946.801,lot_size:0.05
2025-02-20 19:10:03.915588,XAUUSD,BUY,price:2950.562,sl:2949.562,tp:2952.562,lot_size:0.05
2025-02-20 19:10:14.685573,XAUUSD,BUY,price:2950.419,sl:2949.419,tp:2952.419,lot_size:0.05
2025-02-20 19:10:20.106326,XAUUSD,BUY,price:2950.47,sl:2949.47,tp:2952.47,lot_size:0.05
2025-02-20 19:10:25.557911,XAUUSD,BUY,price:2950.463,sl:2949.463,tp:2952.463,lot_size:0.05
2025-02-20 19:10:30.995805,XAUUSD,BUY,price:2950.4,sl:2949.4,tp:2952.4,lot_size:0.05
2025-02-20 19:10:36.406597,XAUUSD,BUY,price:2950.41,sl:2949.41,tp:2952.41,lot_size:0.05
2025-02-20 19:10:41.920676,XAUUSD,BUY,price:2950.396,sl:2949.396,tp:2952.396,lot_size:0.05
2025-02-20 19:10:47.348643,XAUUSD,BUY,price:2950.42,sl:2949.42,tp:2952.42,lot_size:0.05
2025-02-20 19:10:52.776117,XAUUSD,BUY,price:2950.78,sl:2949.78,tp:2952.78,lot_size:0.05
2025-02-20 19:10:58.245897,XAUUSD,BUY,price:2950.626,sl:2949.626,tp:2952.626,lot_size:0.05
2025-02-20 19:23:12.253891,XAUUSD,SELL,price:2946.702,sl:2947.702,tp:2944.702,lot_size:0.05
2025-02-20 19:23:17.756137,XAUUSD,SELL,price:2945.319,sl:2946.319,tp:2943.319,lot_size:0.05
2025-02-20 19:23:23.157692,XAUUSD,SELL,price:2945.201,sl:2946.201,tp:2943.201,lot_size:0.05
2025-02-20 19:23:28.583501,XAUUSD,SELL,price:2944.746,sl:2945.746,tp:2942.746,lot_size:0.05
2025-02-20 19:23:34.041231,XAUUSD,SELL,price:2943.404,sl:2944.404,tp:2941.404,lot_size:0.05
2025-02-20 19:23:39.478618,XAUUSD,SELL,price:2943.343,sl:2944.343,tp:2941.343,lot_size:0.05
2025-02-20 19:23:44.914059,XAUUSD,SELL,price:2943.373,sl:2944.373,tp:2941.373,lot_size:0.05
2025-02-20 19:23:50.343949,XAUUSD,SELL,price:2941.674,sl:2942.674,tp:2939.674,lot_size:0.05
2025-02-20 19:23:55.739613,XAUUSD,SELL,price:2942.118,sl:2943.118,tp:2940.118,lot_size:0.05
2025-02-20 19:24:01.181322,XAUUSD,SELL,price:2941.833,sl:2942.833,tp:2939.833,lot_size:0.05
2025-02-20 19:24:06.633625,XAUUSD,SELL,price:2942.176,sl:2943.176,tp:2940.176,lot_size:0.05
2025-02-20 19:24:12.134289,XAUUSD,SELL,price:2942.298,sl:2943.298,tp:2940.298,lot_size:0.05
2025-02-20 19:24:17.581708,XAUUSD,SELL,price:2942.376,sl:2943.376,tp:2940.376,lot_size:0.05
2025-02-20 19:24:23.003862,XAUUSD,SELL,price:2941.794,sl:2942.794,tp:2939.794,lot_size:0.05
2025-02-20 19:24:28.449317,XAUUSD,SELL,price:2941.71,sl:2942.71,tp:2939.71,lot_size:0.05
2025-02-20 19:24:34.095250,XAUUSD,SELL,price:2939.789,sl:2940.789,tp:2937.789,lot_size:0.05
2025-02-20 19:24:39.590960,XAUUSD,SELL,price:2939.298,sl:2940.298,tp:2937.298,lot_size:0.05
2025-02-20 19:24:45.072438,XAUUSD,SELL,price:2939.571,sl:2940.571,tp:2937.571,lot_size:0.05
2025-02-20 19:24:50.591636,XAUUSD,SELL,price:2939.833,sl:2940.833,tp:2937.833,lot_size:0.05
2025-02-20 19:24:56.104982,XAUUSD,SELL,price:2940.548,sl:2941.548,tp:2938.548,lot_size:0.05
2025-02-20 19:46:01.619833,XAUUSD,BUY,price:2944.964,sl:2943.964,tp:2946.964,lot_size:0.05
2025-02-20 19:58:58.958293,XAUUSD,BUY,price:2945.43,sl:2944.43,tp:2947.43,lot_size:0.05
2025-02-20 19:59:04.377199,XAUUSD,BUY,price:2945.179,sl:2944.179,tp:2947.179,lot_size:0.05
2025-02-20 19:59:20.383434,XAUUSD,BUY,price:2945.209,sl:2944.209,tp:2947.209,lot_size:0.05
2025-02-20 19:59:25.780768,XAUUSD,BUY,price:2945.357,sl:2944.357,tp:2947.357,lot_size:0.05
2025-02-20 19:59:31.230723,XAUUSD,BUY,price:2945.592,sl:2944.592,tp:2947.592,lot_size:0.05
2025-02-20 19:59:36.654026,XAUUSD,BUY,price:2945.651,sl:2944.651,tp:2947.651,lot_size:0.05
2025-02-20 19:59:42.114875,XAUUSD,BUY,price:2945.619,sl:2944.619,tp:2947.619,lot_size:0.05
2025-02-20 19:59:47.582091,XAUUSD,BUY,price:2945.869,sl:2944.869,tp:2947.869,lot_size:0.05
2025-02-20 19:59:52.983067,XAUUSD,BUY,price:2945.703,sl:2944.703,tp:2947.703,lot_size:0.05
2025-02-20 19:59:58.385421,XAUUSD,BUY,price:2945.505,sl:2944.505,tp:2947.505,lot_size:0.05
2025-02-20 20:00:03.798415,XAUUSD,BUY,price:2946.304,sl:2945.304,tp:2948.304,lot_size:0.05
2025-02-20 20:00:09.281375,XAUUSD,BUY,price:2946.593,sl:2945.593,tp:2948.593,lot_size:0.05
2025-02-20 20:00:14.754501,XAUUSD,BUY,price:2946.588,sl:2945.588,tp:2948.588,lot_size:0.05
2025-02-20 20:00:20.198062,XAUUSD,BUY,price:2946.21,sl:2945.21,tp:2948.21,lot_size:0.05
2025-02-20 20:00:25.650502,XAUUSD,BUY,price:2946.473,sl:2945.473,tp:2948.473,lot_size:0.05
2025-02-20 20:00:31.282851,XAUUSD,BUY,price:2946.478,sl:2945.478,tp:2948.478,lot_size:0.05
2025-02-20 20:00:36.754115,XAUUSD,BUY,price:2946.418,sl:2945.418,tp:2948.418,lot_size:0.05
2025-02-20 20:00:42.169962,XAUUSD,BUY,price:2947.013,sl:2946.013,tp:2949.013,lot_size:0.05
2025-02-20 20:00:47.643347,XAUUSD,BUY,price:2946.976,sl:2945.976,tp:2948.976,lot_size:0.05
2025-02-20 20:00:53.096263,XAUUSD,BUY,price:2947.177,sl:2946.177,tp:2949.177,lot_size:0.05
2025-02-20 20:00:58.482638,XAUUSD,BUY,price:2946.808,sl:2945.808,tp:2948.808,lot_size:0.05
2025-02-20 20:01:03.911131,XAUUSD,BUY,price:2946.17,sl:2945.17,tp:2948.17,lot_size:0.05
2025-02-20 20:01:09.348989,XAUUSD,BUY,price:2946.478,sl:2945.478,tp:2948.478,lot_size:0.05
2025-02-20 20:01:14.767287,XAUUSD,BUY,price:2946.35,sl:2945.35,tp:2948.35,lot_size:0.05
2025-02-20 20:01:20.238178,XAUUSD,BUY,price:2946.22,sl:2945.22,tp:2948.22,lot_size:0.05
2025-02-20 20:01:25.677952,XAUUSD,BUY,price:2946.508,sl:2945.508,tp:2948.508,lot_size:0.05
2025-02-20 20:01:31.133571,XAUUSD,BUY,price:2946.528,sl:2945.528,tp:2948.528,lot_size:0.05
2025-02-20 20:01:36.580995,XAUUSD,BUY,price:2946.338,sl:2945.338,tp:2948.338,lot_size:0.05
2025-02-20 20:01:41.978079,XAUUSD,BUY,price:2946.462,sl:2945.462,tp:2948.462,lot_size:0.05
2025-02-20 20:01:47.466671,XAUUSD,BUY,price:2946.717,sl:2945.717,tp:2948.717,lot_size:0.05
2025-02-20 20:01:52.936210,XAUUSD,BUY,price:2947.232,sl:2946.232,tp:2949.232,lot_size:0.05
2025-02-20 20:01:58.430821,XAUUSD,BUY,price:2946.932,sl:2945.932,tp:2948.932,lot_size:0.05
2025-02-20 20:10:02.504069,XAUUSD,SELL,price:2941.523,sl:2942.523,tp:2939.523,lot_size:0.05
2025-02-20 20:10:07.927437,XAUUSD,SELL,price:2940.992,sl:2941.992,tp:2938.992,lot_size:0.05
2025-02-20 20:10:13.437902,XAUUSD,SELL,price:2941.078,sl:2942.078,tp:2939.078,lot_size:0.05
2025-02-20 20:10:18.939735,XAUUSD,SELL,price:2941.005,sl:2942.005,tp:2939.005,lot_size:0.05
2025-02-20 20:10:24.368819,XAUUSD,SELL,price:2941.283,sl:2942.283,tp:2939.283,lot_size:0.05
2025-02-20 20:10:29.782223,XAUUSD,SELL,price:2941.441,sl:2942.441,tp:2939.441,lot_size:0.05
2025-02-20 20:10:35.180981,XAUUSD,SELL,price:2941.868,sl:2942.868,tp:2939.868,lot_size:0.05
2025-02-20 20:33:00.727537,XAUUSD,BUY,price:2946.598,sl:2945.598,tp:2948.598,lot_size:0.05
2025-02-20 20:33:06.148382,XAUUSD,BUY,price:2946.594,sl:2945.594,tp:2948.594,lot_size:0.05
2025-02-20 20:33:11.626738,XAUUSD,BUY,price:2946.661,sl:2945.661,tp:2948.661,lot_size:0.05
2025-02-20 20:33:17.110858,XAUUSD,BUY,price:2946.744,sl:2945.744,tp:2948.744,lot_size:0.05
2025-02-20 20:33:22.570914,XAUUSD,BUY,price:2946.981,sl:2945.981,tp:2948.981,lot_size:0.05
2025-02-20 20:33:28.032086,XAUUSD,BUY,price:2947.081,sl:2946.081,tp:2949.081,lot_size:0.05
2025-02-20 20:33:33.556615,XAUUSD,BUY,price:2947.319,sl:2946.319,tp:2949.319,lot_size:0.05
2025-02-20 20:33:39.091054,XAUUSD,BUY,price:2947.233,sl:2946.233,tp:2949.233,lot_size:0.05
2025-02-20 20:33:44.463231,XAUUSD,BUY,price:2947.423,sl:2946.423,tp:2949.423,lot_size:0.05
2025-02-20 20:33:49.924481,XAUUSD,BUY,price:2947.446,sl:2946.446,tp:2949.446,lot_size:0.05
2025-02-20 20:43:03.479912,XAUUSD,SELL,price:2941.373,sl:2942.373,tp:2939.373,lot_size:0.05
2025-02-20 20:43:08.909389,XAUUSD,SELL,price:2941.398,sl:2942.398,tp:2939.398,lot_size:0.05
2025-02-20 20:43:14.297702,XAUUSD,SELL,price:2941.254,sl:2942.254,tp:2939.254,lot_size:0.05
2025-02-20 20:43:19.786631,XAUUSD,SELL,price:2940.911,sl:2941.911,tp:2938.911,lot_size:0.05
2025-02-20 20:43:25.249561,XAUUSD,SELL,price:2940.409,sl:2941.409,tp:2938.409,lot_size:0.05
2025-02-20 20:43:30.689963,XAUUSD,SELL,price:2940.756,sl:2941.756,tp:2938.756,lot_size:0.05
2025-02-20 20:43:36.091279,XAUUSD,SELL,price:2940.095,sl:2941.095,tp:2938.095,lot_size:0.05
2025-02-20 20:43:41.509681,XAUUSD,SELL,price:2940.712,sl:2941.712,tp:2938.712,lot_size:0.05
2025-02-20 20:43:46.940868,XAUUSD,SELL,price:2940.444,sl:2941.444,tp:2938.444,lot_size:0.05
2025-02-20 20:43:52.359979,XAUUSD,SELL,price:2940.353,sl:2941.353,tp:2938.353,lot_size:0.05
2025-02-20 20:43:57.770566,XAUUSD,SELL,price:2940.205,sl:2941.205,tp:2938.205,lot_size:0.05
2025-02-20 20:44:03.150138,XAUUSD,SELL,price:2940.696,sl:2941.696,tp:2938.696,lot_size:0.05
2025-02-20 20:44:08.616808,XAUUSD,SELL,price:2940.629,sl:2941.629,tp:2938.629,lot_size:0.05
2025-02-20 20:44:14.052927,XAUUSD,SELL,price:2940.709,sl:2941.709,tp:2938.709,lot_size:0.05
2025-02-20 20:44:19.508282,XAUUSD,SELL,price:2940.33,sl:2941.33,tp:2938.33,lot_size:0.05
2025-02-20 20:44:24.937779,XAUUSD,SELL,price:2940.682,sl:2941.682,tp:2938.682,lot_size:0.05
2025-02-20 20:44:30.403281,XAUUSD,SELL,price:2940.112,sl:2941.112,tp:2938.112,lot_size:0.05
2025-02-20 20:44:35.859099,XAUUSD,SELL,price:2940.313,sl:2941.313,tp:2938.313,lot_size:0.05
2025-02-20 20:44:41.347999,XAUUSD,SELL,price:2940.398,sl:2941.398,tp:2938.398,lot_size:0.05
2025-02-20 20:44:46.881183,XAUUSD,SELL,price:2940.398,sl:2941.398,tp:2938.398,lot_size:0.05
2025-02-20 20:44:52.360607,XAUUSD,SELL,price:2940.12,sl:2941.12,tp:2938.12,lot_size:0.05
2025-02-20 20:44:57.884752,XAUUSD,SELL,price:2939.949,sl:2940.949,tp:2937.949,lot_size:0.05
2025-02-20 20:46:01.670549,XAUUSD,SELL,price:2938.001,sl:2939.001,tp:2936.001,lot_size:0.05
2025-02-20 20:46:07.124406,XAUUSD,SELL,price:2938.947,sl:2939.947,tp:2936.947,lot_size:0.05
2025-02-20 20:46:12.530430,XAUUSD,SELL,price:2938.788,sl:2939.788,tp:2936.788,lot_size:0.05
2025-02-20 20:46:17.955505,XAUUSD,SELL,price:2938.902,sl:2939.902,tp:2936.902,lot_size:0.05
2025-02-20 20:46:23.365193,XAUUSD,SELL,price:2938.8,sl:2939.8,tp:2936.8,lot_size:0.05
2025-02-20 20:46:28.766086,XAUUSD,SELL,price:2938.83,sl:2939.83,tp:2936.83,lot_size:0.05
2025-02-20 20:46:34.172529,XAUUSD,SELL,price:2938.43,sl:2939.43,tp:2936.43,lot_size:0.05
2025-02-20 20:46:39.593458,XAUUSD,SELL,price:2937.821,sl:2938.821,tp:2935.821,lot_size:0.05
2025-02-20 20:46:45.030146,XAUUSD,SELL,price:2938.022,sl:2939.022,tp:2936.022,lot_size:0.05
2025-02-20 20:46:50.464877,XAUUSD,SELL,price:2937.023,sl:2938.023,tp:2935.023,lot_size:0.05
2025-02-20 20:46:55.888018,XAUUSD,SELL,price:2936.283,sl:2937.283,tp:2934.283,lot_size:0.05
2025-02-20 20:47:01.291154,XAUUSD,SELL,price:2936.356,sl:2937.356,tp:2934.356,lot_size:0.05
2025-02-20 20:47:06.704774,XAUUSD,SELL,price:2936.805,sl:2937.805,tp:2934.805,lot_size:0.05
2025-02-20 20:47:12.158116,XAUUSD,SELL,price:2937.023,sl:2938.023,tp:2935.023,lot_size:0.05
2025-02-20 20:47:17.600229,XAUUSD,SELL,price:2936.416,sl:2937.416,tp:2934.416,lot_size:0.05
2025-02-20 20:47:23.009826,XAUUSD,SELL,price:2936.344,sl:2937.344,tp:2934.344,lot_size:0.05
2025-02-20 20:47:28.515883,XAUUSD,SELL,price:2936.082,sl:2937.082,tp:2934.082,lot_size:0.05
2025-02-20 20:47:33.987747,XAUUSD,SELL,price:2936.282,sl:2937.282,tp:2934.282,lot_size:0.05
